
  <record>
    <leader>01000aam  22002601a 4500</leader>
    <controlfield tag="001">YPZ92751</controlfield>
    <controlfield tag="003">YPZ</controlfield>
    <controlfield tag="005">201004271807120</controlfield>
    <controlfield tag="008">100427|###########||||||b||||||||||spa|d</controlfield>
    <datafield tag="020" ind1=" " ind2=" ">
      <subfield code="a">9993425028</subfield>
    </datafield>
    <datafield tag="040" ind1=" " ind2=" ">
      <subfield code="c">SIUNPA</subfield>
    </datafield>
    <datafield tag="041" ind1=" " ind2=" ">
      <subfield code="a">spa</subfield>
    </datafield>
    <datafield tag="044" ind1=" " ind2=" ">
      <subfield code="a">DO</subfield>
    </datafield>
    <datafield tag="080" ind1=" " ind2=" ">
      <subfield code="a">65.017.3 S211m</subfield>
    </datafield>
    <datafield tag="100" ind1=" " ind2=" ">
      <subfield code="a">Sánchez Maríñez, Julio.</subfield>
    </datafield>
    <datafield tag="245" ind1=" " ind2=" ">
      <subfield code="a">Micro, pequeña y mediana empresa estudios de casos de éxito</subfield>
      <subfield code="b"> : confecciones German, C. por A.</subfield>
    </datafield>
    <datafield tag="250" ind1=" " ind2=" ">
      <subfield code="a">1a ed.</subfield>
    </datafield>
    <datafield tag="260" ind1=" " ind2=" ">
      <subfield code="a">Santo Domingo</subfield>
      <subfield code="b"> : Instituto Tecnológico de Santo Domingo, Centro de Apoyo a la Micro, Pequeña y Mediana Empresa, INTEC</subfield>
      <subfield code="c"> , 1999</subfield>
    </datafield>
    <datafield tag="440" ind1=" " ind2=" ">
      <subfield code="a">Colección Pueblas</subfield>
      <subfield code="a">Serie CAMPE de Investigaciones</subfield>
      <subfield code="v">no. 2</subfield>
    </datafield>
    <datafield tag="490" ind1=" " ind2=" ">
      <subfield code="a">Colección Pueblas</subfield>
      <subfield code="a">Serie CAMPE de Investigaciones</subfield>
      <subfield code="v">no. 2</subfield>
    </datafield>
    <datafield tag="650" ind1=" " ind2=" ">
      <subfield code="a"> PEQUEÑA Y MEDIANA EMPRESA</subfield>
    </datafield>
    <datafield tag="650" ind1=" " ind2=" ">
      <subfield code="a"> GESTION EMPRESARIAL</subfield>
    </datafield>
    <datafield tag="650" ind1=" " ind2=" ">
      <subfield code="a"> REPUBLICA DOMINICANA</subfield>
    </datafield>
    <datafield tag="942" ind1=" " ind2=" ">
      <subfield code="c">BK</subfield>
    </datafield>
    <datafield tag="952" ind1=" " ind2=" ">
      <subfield code="a">BIB_RECT</subfield>
      <subfield code="b">BIB_UASJ</subfield>
      <subfield code="d">2010-03-26</subfield>
      <subfield code="y">BK</subfield>
      <subfield code="p">04-39211</subfield>
      <subfield code="i">04-39211</subfield>
      <subfield code="g">5</subfield>
      <subfield code="o">65.017.3 S211m</subfield>
      <subfield code="e">Donación México</subfield>
      <subfield code="8">CG</subfield>
    </datafield>
  </record>