
  <record>
    <leader>01000aam  22002601a 4500</leader>
    <controlfield tag="001">YPZ92771</controlfield>
    <controlfield tag="003">YPZ</controlfield>
    <controlfield tag="005">201004291823580</controlfield>
    <controlfield tag="008">100429|###########||||||b||||||||||spa|d</controlfield>
    <datafield tag="020" ind1=" " ind2=" ">
      <subfield code="a">8481880272</subfield>
    </datafield>
    <datafield tag="040" ind1=" " ind2=" ">
      <subfield code="c">SIUNPA</subfield>
    </datafield>
    <datafield tag="041" ind1=" " ind2=" ">
      <subfield code="a">spa</subfield>
    </datafield>
    <datafield tag="044" ind1=" " ind2=" ">
      <subfield code="a">ES</subfield>
    </datafield>
    <datafield tag="080" ind1=" " ind2=" ">
      <subfield code="a">331.105.44 F437s</subfield>
    </datafield>
    <datafield tag="100" ind1=" " ind2=" ">
      <subfield code="a">Führer, Ilse Marie.</subfield>
    </datafield>
    <datafield tag="245" ind1=" " ind2=" ">
      <subfield code="a">Los sindicatos en España</subfield>
      <subfield code="b"> : de la lucha de clases a estrategias de cooperación</subfield>
    </datafield>
    <datafield tag="250" ind1=" " ind2=" ">
      <subfield code="a">1a ed.</subfield>
    </datafield>
    <datafield tag="260" ind1=" " ind2=" ">
      <subfield code="a">Madrid</subfield>
      <subfield code="b"> : Consejo Económico y Social</subfield>
      <subfield code="c"> , 1996</subfield>
    </datafield>
    <datafield tag="440" ind1=" " ind2=" ">
      <subfield code="a">Historia inmediata</subfield>
      <subfield code="a">Sección de obras de Historia</subfield>
      <subfield code="a">Sección de obras de Economía</subfield>
      <subfield code="a">Colección estudios / CES</subfield>
      <subfield code="v">no. 25</subfield>
    </datafield>
    <datafield tag="490" ind1=" " ind2=" ">
      <subfield code="a">Historia inmediata</subfield>
      <subfield code="a">Sección de obras de Historia</subfield>
      <subfield code="a">Sección de obras de Economía</subfield>
      <subfield code="a">Colección estudios / CES</subfield>
      <subfield code="v">no. 25</subfield>
    </datafield>
    <datafield tag="650" ind1=" " ind2=" ">
      <subfield code="a"> SINDICATO</subfield>
    </datafield>
    <datafield tag="650" ind1=" " ind2=" ">
      <subfield code="a"> LIBERTAD SINDICAL</subfield>
    </datafield>
    <datafield tag="650" ind1=" " ind2=" ">
      <subfield code="a"> POLITICA SINDICAL</subfield>
    </datafield>
    <datafield tag="650" ind1=" " ind2=" ">
      <subfield code="a"> DERECHO DEL TRABAJO</subfield>
    </datafield>
    <datafield tag="650" ind1=" " ind2=" ">
      <subfield code="a"> ESPAÑA</subfield>
    </datafield>
    <datafield tag="942" ind1=" " ind2=" ">
      <subfield code="c">BK</subfield>
    </datafield>
    <datafield tag="952" ind1=" " ind2=" ">
      <subfield code="a">BIB_RECT</subfield>
      <subfield code="b">BIB_UARG</subfield>
      <subfield code="d">2010-03-22</subfield>
      <subfield code="y">BK</subfield>
      <subfield code="p">05-39114</subfield>
      <subfield code="i">05-39114</subfield>
      <subfield code="g">60</subfield>
      <subfield code="o">331.105.44 F437s</subfield>
      <subfield code="e">Donación España y CEPAL</subfield>
      <subfield code="8">CG</subfield>
    </datafield>
  </record>