
  <record>
    <leader>01000aam  22002601a 4500</leader>
    <controlfield tag="001">YPZ92775</controlfield>
    <controlfield tag="003">YPZ</controlfield>
    <controlfield tag="005">201004301727360</controlfield>
    <controlfield tag="008">100430|###########||||||b||||||||||spa|d</controlfield>
    <datafield tag="040" ind1=" " ind2=" ">
      <subfield code="c">SIUNPA</subfield>
    </datafield>
    <datafield tag="041" ind1=" " ind2=" ">
      <subfield code="a">spa</subfield>
    </datafield>
    <datafield tag="044" ind1=" " ind2=" ">
      <subfield code="a">AR</subfield>
    </datafield>
    <datafield tag="080" ind1=" " ind2=" ">
      <subfield code="a">336.74 U761f</subfield>
    </datafield>
    <datafield tag="100" ind1=" " ind2=" ">
      <subfield code="a">Uriarte, José A..</subfield>
    </datafield>
    <datafield tag="245" ind1=" " ind2=" ">
      <subfield code="a">Factores de expansión y contracción de los recursos monetarios en el período 1978-1981</subfield>
    </datafield>
    <datafield tag="260" ind1=" " ind2=" ">
      <subfield code="a">[Buenos Aires]</subfield>
      <subfield code="b"> : Centro de Estudios Monetarios, Banco Central de la República Argentina</subfield>
      <subfield code="c"> , 1982</subfield>
    </datafield>
    <datafield tag="440" ind1=" " ind2=" ">
      <subfield code="a">Serie de información pública / Centro de Estudios Monetarios</subfield>
      <subfield code="v">no. 14</subfield>
    </datafield>
    <datafield tag="490" ind1=" " ind2=" ">
      <subfield code="a">Serie de información pública / Centro de Estudios Monetarios</subfield>
      <subfield code="v">no. 14</subfield>
    </datafield>
    <datafield tag="650" ind1=" " ind2=" ">
      <subfield code="a"> POLITICA MONETARIA</subfield>
    </datafield>
    <datafield tag="650" ind1=" " ind2=" ">
      <subfield code="a"> POLITICA ECONOMICA</subfield>
    </datafield>
    <datafield tag="650" ind1=" " ind2=" ">
      <subfield code="a"> ARGENTINA</subfield>
    </datafield>
    <datafield tag="942" ind1=" " ind2=" ">
      <subfield code="c">BK</subfield>
    </datafield>
    <datafield tag="952" ind1=" " ind2=" ">
      <subfield code="a">BIB_RECT</subfield>
      <subfield code="b">BIB_UARG</subfield>
      <subfield code="d">2010-03-26</subfield>
      <subfield code="y">BK</subfield>
      <subfield code="p">05-39126</subfield>
      <subfield code="i">05-39126</subfield>
      <subfield code="g">8</subfield>
      <subfield code="o">336.74 U761f</subfield>
      <subfield code="e">Donación españa y CEPAL</subfield>
      <subfield code="8">CG</subfield>
    </datafield>
  </record>