
  <record>
    <leader>01000aam  22002601a 4500</leader>
    <controlfield tag="001">YPZ92778</controlfield>
    <controlfield tag="003">YPZ</controlfield>
    <controlfield tag="005">201004301751520</controlfield>
    <controlfield tag="008">100430|###########||||||b||||||||||spa|d</controlfield>
    <datafield tag="020" ind1=" " ind2=" ">
      <subfield code="a">9221113876</subfield>
    </datafield>
    <datafield tag="040" ind1=" " ind2=" ">
      <subfield code="c">SIUNPA</subfield>
    </datafield>
    <datafield tag="041" ind1=" " ind2=" ">
      <subfield code="a">eng</subfield>
    </datafield>
    <datafield tag="044" ind1=" " ind2=" ">
      <subfield code="a">CH</subfield>
    </datafield>
    <datafield tag="080" ind1=" " ind2=" ">
      <subfield code="a">331.5 D637d</subfield>
    </datafield>
    <datafield tag="245" ind1=" " ind2=" ">
      <subfield code="a">Documenting discrimination against migrant workers in the labour market</subfield>
      <subfield code="b"> : a comparative study of four european countriesd</subfield>
      <subfield code="c"> / Zegers de Beijl, Roger, ed.</subfield>
    </datafield>
    <datafield tag="260" ind1=" " ind2=" ">
      <subfield code="a">Ginebra</subfield>
      <subfield code="b"> : International Labour Office</subfield>
      <subfield code="c"> , 2000</subfield>
    </datafield>
    <datafield tag="650" ind1=" " ind2=" ">
      <subfield code="a"> MERCADO DE TRABAJO</subfield>
    </datafield>
    <datafield tag="650" ind1=" " ind2=" ">
      <subfield code="a"> MIGRACION </subfield>
    </datafield>
    <datafield tag="650" ind1=" " ind2=" ">
      <subfield code="a"> DISCRIMINACION</subfield>
    </datafield>
    <datafield tag="650" ind1=" " ind2=" ">
      <subfield code="a"> EMPLEO</subfield>
    </datafield>
    <datafield tag="650" ind1=" " ind2=" ">
      <subfield code="a"> ESTUDIO DE CASOS</subfield>
    </datafield>
    <datafield tag="650" ind1=" " ind2=" ">
      <subfield code="a"> EUROPA</subfield>
    </datafield>
    <datafield tag="942" ind1=" " ind2=" ">
      <subfield code="c">BK</subfield>
    </datafield>
    <datafield tag="952" ind1=" " ind2=" ">
      <subfield code="a">BIB_RECT</subfield>
      <subfield code="b">BIB_UACO</subfield>
      <subfield code="d">2010-04-30</subfield>
      <subfield code="y">BK</subfield>
      <subfield code="p">02-39007</subfield>
      <subfield code="i">02-39007</subfield>
      <subfield code="g">75</subfield>
      <subfield code="o">331.5 D637d</subfield>
      <subfield code="e">Donación España y Cepal</subfield>
      <subfield code="8">CG</subfield>
    </datafield>
  </record>