
  <record>
    <leader>01000aam  22002601a 4500</leader>
    <controlfield tag="001">YPZ92782</controlfield>
    <controlfield tag="003">YPZ</controlfield>
    <controlfield tag="005">201005031321250</controlfield>
    <controlfield tag="008">100503|###########||||||b||||||||||spa|d</controlfield>
    <datafield tag="040" ind1=" " ind2=" ">
      <subfield code="c">SIUNPA</subfield>
    </datafield>
    <datafield tag="041" ind1=" " ind2=" ">
      <subfield code="a">spa</subfield>
    </datafield>
    <datafield tag="044" ind1=" " ind2=" ">
      <subfield code="a">AR</subfield>
    </datafield>
    <datafield tag="080" ind1=" " ind2=" ">
      <subfield code="a">336.78 S159t</subfield>
    </datafield>
    <datafield tag="100" ind1=" " ind2=" ">
      <subfield code="a">Salama, Elías.</subfield>
    </datafield>
    <datafield tag="245" ind1=" " ind2=" ">
      <subfield code="a">La tasa real de interés en los modelos macroeconómicos de corto plazo</subfield>
      <subfield code="b"> : nota metodológica</subfield>
    </datafield>
    <datafield tag="260" ind1=" " ind2=" ">
      <subfield code="a">[Buenos Aires]</subfield>
      <subfield code="b"> : Centro de Estudios Monetarios, Banco Central de la República Argentina</subfield>
      <subfield code="c"> , 1977</subfield>
    </datafield>
    <datafield tag="440" ind1=" " ind2=" ">
      <subfield code="a">Serie de estudios técnicos / Centro de Estudios Monetarios</subfield>
      <subfield code="v">no. 24</subfield>
    </datafield>
    <datafield tag="490" ind1=" " ind2=" ">
      <subfield code="a">Serie de estudios técnicos / Centro de Estudios Monetarios</subfield>
      <subfield code="v">no. 24</subfield>
    </datafield>
    <datafield tag="650" ind1=" " ind2=" ">
      <subfield code="a"> TASA DE INTERES</subfield>
    </datafield>
    <datafield tag="650" ind1=" " ind2=" ">
      <subfield code="a"> MODELO ECONOMICO</subfield>
    </datafield>
    <datafield tag="650" ind1=" " ind2=" ">
      <subfield code="a"> MACROECONOMIA</subfield>
    </datafield>
    <datafield tag="942" ind1=" " ind2=" ">
      <subfield code="c">BK</subfield>
    </datafield>
    <datafield tag="952" ind1=" " ind2=" ">
      <subfield code="a">BIB_RECT</subfield>
      <subfield code="b">BIB_UARG</subfield>
      <subfield code="d">2010-03-22</subfield>
      <subfield code="y">BK</subfield>
      <subfield code="p">05-39128</subfield>
      <subfield code="i">05-39128</subfield>
      <subfield code="g">8</subfield>
      <subfield code="o">336.78 S159t</subfield>
      <subfield code="e">Donación España y CEPAL</subfield>
      <subfield code="8">CG</subfield>
    </datafield>
  </record>