
  <record>
    <leader>01000aam  22002601a 4500</leader>
    <controlfield tag="001">YPZ92789</controlfield>
    <controlfield tag="003">YPZ</controlfield>
    <controlfield tag="005">201005031704140</controlfield>
    <controlfield tag="008">100503|###########||||||b||||||||||spa|d</controlfield>
    <datafield tag="040" ind1=" " ind2=" ">
      <subfield code="c">SIUNPA</subfield>
    </datafield>
    <datafield tag="041" ind1=" " ind2=" ">
      <subfield code="a">spa</subfield>
    </datafield>
    <datafield tag="044" ind1=" " ind2=" ">
      <subfield code="a">CO</subfield>
    </datafield>
    <datafield tag="080" ind1=" " ind2=" ">
      <subfield code="a">372.851.4 C198e</subfield>
    </datafield>
    <datafield tag="100" ind1=" " ind2=" ">
      <subfield code="a">Campos, Alberto.</subfield>
    </datafield>
    <datafield tag="245" ind1=" " ind2=" ">
      <subfield code="a">La educación geométrica</subfield>
    </datafield>
    <datafield tag="260" ind1=" " ind2=" ">
      <subfield code="a">Bogotá</subfield>
      <subfield code="b"> : universidad Nacional de Colombia</subfield>
      <subfield code="c"> , 1981</subfield>
    </datafield>
    <datafield tag="440" ind1=" " ind2=" ">
      <subfield code="a">World economic and financial surveys</subfield>
      <subfield code="a">Economía latinoamericana</subfield>
      <subfield code="a">Biblioteca Francisco Antonio Moreno y Escandon</subfield>
      <subfield code="v">1</subfield>
    </datafield>
    <datafield tag="490" ind1=" " ind2=" ">
      <subfield code="a">World economic and financial surveys</subfield>
      <subfield code="a">Economía latinoamericana</subfield>
      <subfield code="a">Biblioteca Francisco Antonio Moreno y Escandon</subfield>
      <subfield code="v">1</subfield>
    </datafield>
    <datafield tag="650" ind1=" " ind2=" ">
      <subfield code="a"> ENSEÑANZA DE LA GEOMETRIA</subfield>
    </datafield>
    <datafield tag="650" ind1=" " ind2=" ">
      <subfield code="a"> METODOS DE ENSEÑANZA</subfield>
    </datafield>
    <datafield tag="650" ind1=" " ind2=" ">
      <subfield code="a"> ENSEÑANZA PRIMARIA</subfield>
    </datafield>
    <datafield tag="942" ind1=" " ind2=" ">
      <subfield code="c">BK</subfield>
    </datafield>
    <datafield tag="952" ind1=" " ind2=" ">
      <subfield code="a">BIB_RECT</subfield>
      <subfield code="b">BIB_UASJ</subfield>
      <subfield code="d">2010-03-26</subfield>
      <subfield code="y">BK</subfield>
      <subfield code="p">04-39152</subfield>
      <subfield code="i">04-39152</subfield>
      <subfield code="g">40</subfield>
      <subfield code="o">372.851.4 C198e</subfield>
      <subfield code="e">Donación México</subfield>
      <subfield code="8">CG</subfield>
    </datafield>
  </record>