
  <record>
    <leader>01000aam  22002601a 4500</leader>
    <controlfield tag="001">YPZ92796</controlfield>
    <controlfield tag="003">YPZ</controlfield>
    <controlfield tag="005">201005041612450</controlfield>
    <controlfield tag="008">100504|###########||||||b||||||||||spa|d</controlfield>
    <datafield tag="040" ind1=" " ind2=" ">
      <subfield code="c">SIUNPA</subfield>
    </datafield>
    <datafield tag="041" ind1=" " ind2=" ">
      <subfield code="a">spa</subfield>
    </datafield>
    <datafield tag="044" ind1=" " ind2=" ">
      <subfield code="a">MX</subfield>
    </datafield>
    <datafield tag="080" ind1=" " ind2=" ">
      <subfield code="a">378.4 U79e2</subfield>
    </datafield>
    <datafield tag="100" ind1=" " ind2=" ">
      <subfield code="a">Urquidi, Víctor L..</subfield>
    </datafield>
    <datafield tag="700" ind1=" " ind2=" ">
      <subfield code="a">Lajous Vargas, Adrián.</subfield>
    </datafield>
    <datafield tag="245" ind1=" " ind2=" ">
      <subfield code="a">Educación superior, ciencia y tecnología en el desarrollo económico de México</subfield>
      <subfield code="b"> : un estudio preliminar</subfield>
    </datafield>
    <datafield tag="250" ind1=" " ind2=" ">
      <subfield code="a">2a ed.</subfield>
    </datafield>
    <datafield tag="260" ind1=" " ind2=" ">
      <subfield code="a">México, D.F.</subfield>
      <subfield code="b"> : El Colegio de México</subfield>
      <subfield code="c"> , 1969</subfield>
    </datafield>
    <datafield tag="440" ind1=" " ind2=" ">
      <subfield code="a">Publicaciones del Centro de Estudios Económicos y Demográficos</subfield>
      <subfield code="v">1</subfield>
    </datafield>
    <datafield tag="490" ind1=" " ind2=" ">
      <subfield code="a">Publicaciones del Centro de Estudios Económicos y Demográficos</subfield>
      <subfield code="v">1</subfield>
    </datafield>
    <datafield tag="650" ind1=" " ind2=" ">
      <subfield code="a"> EDUCACION SUPERIOR</subfield>
    </datafield>
    <datafield tag="650" ind1=" " ind2=" ">
      <subfield code="a"> UNIVERSIDADES</subfield>
    </datafield>
    <datafield tag="650" ind1=" " ind2=" ">
      <subfield code="a"> MEXICO</subfield>
    </datafield>
    <datafield tag="942" ind1=" " ind2=" ">
      <subfield code="c">BK</subfield>
    </datafield>
    <datafield tag="952" ind1=" " ind2=" ">
      <subfield code="a">BIB_RECT</subfield>
      <subfield code="b">BIB_UASJ</subfield>
      <subfield code="d">2010-05-04</subfield>
      <subfield code="y">BK</subfield>
      <subfield code="p">04-39153</subfield>
      <subfield code="i">04-39153</subfield>
      <subfield code="g">13</subfield>
      <subfield code="o">378.4 U79e2</subfield>
      <subfield code="e">Donación México</subfield>
      <subfield code="8">CG</subfield>
    </datafield>
  </record>