
  <record>
    <leader>01000aam  22002601a 4500</leader>
    <controlfield tag="001">YPZ92863</controlfield>
    <controlfield tag="003">YPZ</controlfield>
    <controlfield tag="005">201005101559260</controlfield>
    <controlfield tag="008">100510|###########||||||b||||||||||spa|d</controlfield>
    <datafield tag="020" ind1=" " ind2=" ">
      <subfield code="a">9501229122</subfield>
    </datafield>
    <datafield tag="040" ind1=" " ind2=" ">
      <subfield code="c">SIUNPA</subfield>
    </datafield>
    <datafield tag="041" ind1=" " ind2=" ">
      <subfield code="a">spa</subfield>
    </datafield>
    <datafield tag="044" ind1=" " ind2=" ">
      <subfield code="a">AR</subfield>
    </datafield>
    <datafield tag="080" ind1=" " ind2=" ">
      <subfield code="a">331.44 E921e</subfield>
    </datafield>
    <datafield tag="100" ind1=" " ind2=" ">
      <subfield code="a">Leibovich de Figueroa, Nora Blanca.</subfield>
    </datafield>
    <datafield tag="700" ind1=" " ind2=" ">
      <subfield code="a">Schufer de Paikin, Marta Leonor.</subfield>
    </datafield>
    <datafield tag="700" ind1=" " ind2=" ">
      <subfield code="a">Cassullo, Gabriela Livia.</subfield>
    </datafield>
    <datafield tag="700" ind1=" " ind2=" ">
      <subfield code="a">Coghlan, Gabriel.</subfield>
    </datafield>
    <datafield tag="700" ind1=" " ind2=" ">
      <subfield code="a">González, María Alejandra.</subfield>
    </datafield>
    <datafield tag="700" ind1=" " ind2=" ">
      <subfield code="a">Maglio, Ana Laura.</subfield>
    </datafield>
    <datafield tag="700" ind1=" " ind2=" ">
      <subfield code="a">Minichiello, Claudia.</subfield>
    </datafield>
    <datafield tag="700" ind1=" " ind2=" ">
      <subfield code="a">Schmidt, Vanina.</subfield>
    </datafield>
    <datafield tag="245" ind1=" " ind2=" ">
      <subfield code="a">Evaluación psicológica del estrés por inestabilidad laboral</subfield>
      <subfield code="c"> / Leibovich de Figueroa, Nora Blanca, comp. ; Schufer de Paikin, Marta Leonor, comp.</subfield>
    </datafield>
    <datafield tag="250" ind1=" " ind2=" ">
      <subfield code="a">1a ed.</subfield>
    </datafield>
    <datafield tag="260" ind1=" " ind2=" ">
      <subfield code="a">Buenos Aires</subfield>
      <subfield code="b"> : Paidós</subfield>
      <subfield code="c"> , 2006</subfield>
    </datafield>
    <datafield tag="300" ind1=" " ind2=" ">
      <subfield code="a">xi, 220 p. : </subfield>
      <subfield code="a">399 p. : </subfield>
      <subfield code="a">222 p. : </subfield>
      <subfield code="a">16, 11 p. : </subfield>
      <subfield code="a">viii, 348 p. : </subfield>
      <subfield code="b">il. ; </subfield>
      <subfield code="a">29 p. : </subfield>
      <subfield code="a">x, 113 p. : </subfield>
      <subfield code="b">il. ; </subfield>
      <subfield code="a">31 p. : </subfield>
      <subfield code="a">xxiii, 296 p. : </subfield>
      <subfield code="b">il. ; </subfield>
      <subfield code="a">12 p. : </subfield>
      <subfield code="a">131 p. : </subfield>
      <subfield code="b">il. ; </subfield>
      <subfield code="a">531 p. : </subfield>
      <subfield code="b">il. ; </subfield>
      <subfield code="a">xvi, 215 p. : </subfield>
      <subfield code="a">69 p. : </subfield>
      <subfield code="b">il. ; </subfield>
      <subfield code="a">208 p. : </subfield>
      <subfield code="a">v. : </subfield>
      <subfield code="a">189 p., algunas pleg. : </subfield>
      <subfield code="b">il. ; </subfield>
      <subfield code="a">287 p. : </subfield>
      <subfield code="a">102 p. : </subfield>
      <subfield code="b">il. ; </subfield>
      <subfield code="a">367 p. : </subfield>
      <subfield code="b">il. ; </subfield>
      <subfield code="a">viii, 86 p. : </subfield>
      <subfield code="b">il. ; </subfield>
      <subfield code="a">v. : </subfield>
      <subfield code="a">399 p. : </subfield>
      <subfield code="b">il. ; </subfield>
      <subfield code="a">265 p. : </subfield>
      <subfield code="a">206 p. : </subfield>
      <subfield code="a">312 p. : </subfield>
      <subfield code="a">223 p. : </subfield>
      <subfield code="a">204 p. : </subfield>
      <subfield code="b">il. ; </subfield>
      <subfield code="a">306 p. : </subfield>
      <subfield code="a">112 p. : </subfield>
      <subfield code="b">il. ; </subfield>
      <subfield code="a">217 p. : </subfield>
      <subfield code="b">il. ; </subfield>
      <subfield code="a">207 p. : </subfield>
      <subfield code="a">110 p. : </subfield>
      <subfield code="a">128 p. : </subfield>
      <subfield code="b">il. ; </subfield>
      <subfield code="a">v. : </subfield>
      <subfield code="a">137 p. : </subfield>
      <subfield code="b">il. ; </subfield>
      <subfield code="a">351 p. : </subfield>
      <subfield code="b">il. ; </subfield>
      <subfield code="a">79 p. : </subfield>
      <subfield code="a">74 p. : </subfield>
      <subfield code="a">116 p. : </subfield>
      <subfield code="a">187 p. : </subfield>
      <subfield code="a">316 p : </subfield>
      <subfield code="b">il. ; </subfield>
      <subfield code="a">186 p. : </subfield>
      <subfield code="b">il. ; </subfield>
      <subfield code="a">124 p. : </subfield>
      <subfield code="a">135 p. : </subfield>
      <subfield code="a">319 p. : </subfield>
      <subfield code="a">221 p. : </subfield>
      <subfield code="a">207 p. : </subfield>
      <subfield code="a">137 p. : </subfield>
      <subfield code="e">10 fasciculos</subfield>
    </datafield>
    <datafield tag="440" ind1=" " ind2=" ">
      <subfield code="a">Cuadernos de evaluación psicológica</subfield>
      <subfield code="v">12</subfield>
    </datafield>
    <datafield tag="490" ind1=" " ind2=" ">
      <subfield code="a">Cuadernos de evaluación psicológica</subfield>
      <subfield code="v">12</subfield>
    </datafield>
    <datafield tag="500" ind1=" " ind2=" ">
      <subfield code="a">El fascículo contiene el Cuaderno con la evaluación IMPIL</subfield>
    </datafield>
    <datafield tag="650" ind1=" " ind2=" ">
      <subfield code="a"> ESTRES PROFESIONAL</subfield>
    </datafield>
    <datafield tag="650" ind1=" " ind2=" ">
      <subfield code="a"> PSICOPATOLOGIA</subfield>
    </datafield>
    <datafield tag="650" ind1=" " ind2=" ">
      <subfield code="a"> PSICOLOGIA DEL TRABAJO</subfield>
    </datafield>
    <datafield tag="650" ind1=" " ind2=" ">
      <subfield code="a"> RELACIONES CON EL TRABAJO</subfield>
    </datafield>
    <datafield tag="650" ind1=" " ind2=" ">
      <subfield code="a"> EVALUACION PSICOLOGICA</subfield>
    </datafield>
    <datafield tag="942" ind1=" " ind2=" ">
      <subfield code="c">BK</subfield>
    </datafield>
    <datafield tag="952" ind1=" " ind2=" ">
      <subfield code="a">BIB_RECT</subfield>
      <subfield code="b">BIB_UASJ</subfield>
      <subfield code="d">2010-05-10</subfield>
      <subfield code="y">BK</subfield>
      <subfield code="p">04-39437</subfield>
      <subfield code="i">04-39437</subfield>
      <subfield code="g">30</subfield>
      <subfield code="o">331.44 E921e</subfield>
      <subfield code="e">PI29/D035/5</subfield>
      <subfield code="8">CG</subfield>
    </datafield>
  </record>