
  <record>
    <leader>01000aam  22002601a 4500</leader>
    <controlfield tag="001">YPZ92872</controlfield>
    <controlfield tag="003">YPZ</controlfield>
    <controlfield tag="005">201005111538440</controlfield>
    <controlfield tag="008">100511|###########||||||b||||||||||spa|d</controlfield>
    <datafield tag="020" ind1=" " ind2=" ">
      <subfield code="a">9681204557</subfield>
    </datafield>
    <datafield tag="040" ind1=" " ind2=" ">
      <subfield code="c">SIUNPA</subfield>
    </datafield>
    <datafield tag="041" ind1=" " ind2=" ">
      <subfield code="a">spa</subfield>
    </datafield>
    <datafield tag="044" ind1=" " ind2=" ">
      <subfield code="a">MX</subfield>
    </datafield>
    <datafield tag="080" ind1=" " ind2=" ">
      <subfield code="a">378.094 L712c</subfield>
    </datafield>
    <datafield tag="100" ind1=" " ind2=" ">
      <subfield code="a">Lida, Clara E. .</subfield>
    </datafield>
    <datafield tag="700" ind1=" " ind2=" ">
      <subfield code="a">Matesanz, José A..</subfield>
    </datafield>
    <datafield tag="245" ind1=" " ind2=" ">
      <subfield code="a">El Colegio de México</subfield>
      <subfield code="b"> : una hazaña cultural 1940-1962</subfield>
    </datafield>
    <datafield tag="250" ind1=" " ind2=" ">
      <subfield code="a">1a ed.</subfield>
    </datafield>
    <datafield tag="260" ind1=" " ind2=" ">
      <subfield code="a">México, D.F.</subfield>
      <subfield code="b"> : El Colegio de México</subfield>
      <subfield code="c"> , 1990</subfield>
    </datafield>
    <datafield tag="440" ind1=" " ind2=" ">
      <subfield code="a">Obras de Economía</subfield>
      <subfield code="a">Sección de obras de economía</subfield>
      <subfield code="a">Manuales humanitas</subfield>
      <subfield code="a">Sección obras de Economía</subfield>
      <subfield code="a">Jornadas / Centro de Estudios Históricos</subfield>
      <subfield code="v">117</subfield>
    </datafield>
    <datafield tag="490" ind1=" " ind2=" ">
      <subfield code="a">Obras de Economía</subfield>
      <subfield code="a">Sección de obras de economía</subfield>
      <subfield code="a">Manuales humanitas</subfield>
      <subfield code="a">Sección obras de Economía</subfield>
      <subfield code="a">Jornadas / Centro de Estudios Históricos</subfield>
      <subfield code="v">117</subfield>
    </datafield>
    <datafield tag="650" ind1=" " ind2=" ">
      <subfield code="a"> COLEGIOS UNIVERSITARIOS</subfield>
    </datafield>
    <datafield tag="650" ind1=" " ind2=" ">
      <subfield code="a"> ENSEÑANZA SUPERIOR </subfield>
    </datafield>
    <datafield tag="650" ind1=" " ind2=" ">
      <subfield code="a"> COLEGIO DE MEXICO</subfield>
    </datafield>
    <datafield tag="650" ind1=" " ind2=" ">
      <subfield code="a"> MEXICO</subfield>
    </datafield>
    <datafield tag="942" ind1=" " ind2=" ">
      <subfield code="c">BK</subfield>
    </datafield>
    <datafield tag="952" ind1=" " ind2=" ">
      <subfield code="a">BIB_RECT</subfield>
      <subfield code="b">BIB_UASJ</subfield>
      <subfield code="d">2010-03-26</subfield>
      <subfield code="y">BK</subfield>
      <subfield code="p">04-39179</subfield>
      <subfield code="i">04-39179</subfield>
      <subfield code="g">60</subfield>
      <subfield code="o">378.094 L712c</subfield>
      <subfield code="e">Donación México</subfield>
      <subfield code="8">CG</subfield>
    </datafield>
  </record>