
  <record>
    <leader>01000aam  22002601a 4500</leader>
    <controlfield tag="001">YPZ92880</controlfield>
    <controlfield tag="003">YPZ</controlfield>
    <controlfield tag="005">201005121509590</controlfield>
    <controlfield tag="008">100512|###########||||||b||||||||||spa|d</controlfield>
    <datafield tag="020" ind1=" " ind2=" ">
      <subfield code="a">9781842655351</subfield>
    </datafield>
    <datafield tag="040" ind1=" " ind2=" ">
      <subfield code="c">SIUNPA</subfield>
    </datafield>
    <datafield tag="041" ind1=" " ind2=" ">
      <subfield code="a">eng</subfield>
    </datafield>
    <datafield tag="044" ind1=" " ind2=" ">
      <subfield code="a">UK</subfield>
    </datafield>
    <datafield tag="080" ind1=" " ind2=" ">
      <subfield code="a">004.738.52 A314f</subfield>
    </datafield>
    <datafield tag="100" ind1=" " ind2=" ">
      <subfield code="a">Akerkar, Rajendra.</subfield>
    </datafield>
    <datafield tag="245" ind1=" " ind2=" ">
      <subfield code="a">Foundations of the semantic web</subfield>
      <subfield code="b"/>
    </datafield>
    <datafield tag="260" ind1=" " ind2=" ">
      <subfield code="a">Oxford</subfield>
      <subfield code="b"> : Alpha Science International</subfield>
      <subfield code="c"> , 2009</subfield>
    </datafield>
    <datafield tag="650" ind1=" " ind2=" ">
      <subfield code="a"> WEB SEMANTICA</subfield>
    </datafield>
    <datafield tag="942" ind1=" " ind2=" ">
      <subfield code="c">BK</subfield>
    </datafield>
    <datafield tag="952" ind1=" " ind2=" ">
      <subfield code="a">BIB_RECT</subfield>
      <subfield code="b">BIB_UACO</subfield>
      <subfield code="d">2010-05-12</subfield>
      <subfield code="y">BK</subfield>
      <subfield code="p">02-39440</subfield>
      <subfield code="i">02-39440</subfield>
      <subfield code="g">384</subfield>
      <subfield code="o">004.738.52 A314f</subfield>
      <subfield code="e">Compra SIUNPA O.C. 158/09</subfield>
      <subfield code="8">CG</subfield>
    </datafield>
  </record>