
  <record>
    <leader>01000aam  22002601a 4500</leader>
    <controlfield tag="001">YPZ92891</controlfield>
    <controlfield tag="003">YPZ</controlfield>
    <controlfield tag="005">201005171412160</controlfield>
    <controlfield tag="008">100517|###########||||||b||||||||||spa|d</controlfield>
    <datafield tag="020" ind1=" " ind2=" ">
      <subfield code="a">9583358339</subfield>
    </datafield>
    <datafield tag="040" ind1=" " ind2=" ">
      <subfield code="c">SIUNPA</subfield>
    </datafield>
    <datafield tag="041" ind1=" " ind2=" ">
      <subfield code="a">spa</subfield>
    </datafield>
    <datafield tag="044" ind1=" " ind2=" ">
      <subfield code="a">CO</subfield>
    </datafield>
    <datafield tag="080" ind1=" " ind2=" ">
      <subfield code="a">618.2 O147o7</subfield>
    </datafield>
    <datafield tag="245" ind1=" " ind2=" ">
      <subfield code="a">Obstetricia y ginecología</subfield>
      <subfield code="b"> : texto integrado</subfield>
      <subfield code="c"> / Botero Uribe, Jaime, ed. ; Júbiz Hazbún, Alfonso, ed. ;  Henao, Guillermo, ed.</subfield>
    </datafield>
    <datafield tag="250" ind1=" " ind2=" ">
      <subfield code="a">7a ed.</subfield>
    </datafield>
    <datafield tag="260" ind1=" " ind2=" ">
      <subfield code="a">Medellín</subfield>
      <subfield code="b"> : Universidad de Antioquía</subfield>
      <subfield code="c"> , reimpr. 2006</subfield>
    </datafield>
    <datafield tag="650" ind1=" " ind2=" ">
      <subfield code="a"> GINECOLOGIA</subfield>
    </datafield>
    <datafield tag="650" ind1=" " ind2=" ">
      <subfield code="a"> OBSTETRICIA</subfield>
    </datafield>
    <datafield tag="942" ind1=" " ind2=" ">
      <subfield code="c">BK</subfield>
    </datafield>
    <datafield tag="952" ind1=" " ind2=" ">
      <subfield code="a">BIB_RECT</subfield>
      <subfield code="b">BIB_UARG</subfield>
      <subfield code="d">2010-05-18</subfield>
      <subfield code="y">BK</subfield>
      <subfield code="p">05-39486</subfield>
      <subfield code="i">05-39486</subfield>
      <subfield code="g">85</subfield>
      <subfield code="o">618.2 O147o7</subfield>
      <subfield code="e">Compra UE/10</subfield>
      <subfield code="8">CG</subfield>
    </datafield>
  </record>