
  <record>
    <leader>01000aam  22002601a 4500</leader>
    <controlfield tag="001">YPZ92908</controlfield>
    <controlfield tag="003">YPZ</controlfield>
    <controlfield tag="005">201005181724100</controlfield>
    <controlfield tag="008">100518|###########||||||b||||||||||spa|d</controlfield>
    <datafield tag="020" ind1=" " ind2=" ">
      <subfield code="a">9781933988252</subfield>
    </datafield>
    <datafield tag="040" ind1=" " ind2=" ">
      <subfield code="c">SIUNPA</subfield>
    </datafield>
    <datafield tag="041" ind1=" " ind2=" ">
      <subfield code="a">eng</subfield>
    </datafield>
    <datafield tag="044" ind1=" " ind2=" ">
      <subfield code="a">US</subfield>
    </datafield>
    <datafield tag="080" ind1=" " ind2=" ">
      <subfield code="a">004.413 S648b</subfield>
    </datafield>
    <datafield tag="100" ind1=" " ind2=" ">
      <subfield code="a">Smith, Greg.</subfield>
    </datafield>
    <datafield tag="700" ind1=" " ind2=" ">
      <subfield code="a">Sidky, Ahmed.</subfield>
    </datafield>
    <datafield tag="245" ind1=" " ind2=" ">
      <subfield code="a">Becoming Agile</subfield>
      <subfield code="b"> : ---in an imperfect world</subfield>
    </datafield>
    <datafield tag="260" ind1=" " ind2=" ">
      <subfield code="a">Greenwich, Conn.</subfield>
      <subfield code="b"> : Manning</subfield>
      <subfield code="c"> , 2009</subfield>
    </datafield>
    <datafield tag="650" ind1=" " ind2=" ">
      <subfield code="a"> DESARROLLO DE SOFTWARE</subfield>
    </datafield>
    <datafield tag="650" ind1=" " ind2=" ">
      <subfield code="a"> INGENIERIA DE SOFTWARE</subfield>
    </datafield>
    <datafield tag="942" ind1=" " ind2=" ">
      <subfield code="c">BK</subfield>
    </datafield>
    <datafield tag="952" ind1=" " ind2=" ">
      <subfield code="a">BIB_RECT</subfield>
      <subfield code="b">BIB_UARG</subfield>
      <subfield code="d">2010-05-18</subfield>
      <subfield code="y">BK</subfield>
      <subfield code="p">05-39465</subfield>
      <subfield code="i">05-39465</subfield>
      <subfield code="g">184</subfield>
      <subfield code="o">004.413 S648b</subfield>
      <subfield code="e">Compra SIUNPA O.C. 158/09</subfield>
      <subfield code="8">CG</subfield>
    </datafield>
    <datafield tag="952" ind1=" " ind2=" ">
      <subfield code="a">BIB_RECT</subfield>
      <subfield code="b">BIB_UARG</subfield>
      <subfield code="d">2010-08-20</subfield>
      <subfield code="y">BK</subfield>
      <subfield code="p">05-39664</subfield>
      <subfield code="i">05-39664</subfield>
      <subfield code="g">150</subfield>
      <subfield code="o">004.413 S648b</subfield>
      <subfield code="e">Proyecto FOMENI</subfield>
      <subfield code="8">CG</subfield>
    </datafield>
  </record>