
  <record>
    <leader>01000aam  22002601a 4500</leader>
    <controlfield tag="001">YPZ92910</controlfield>
    <controlfield tag="003">YPZ</controlfield>
    <controlfield tag="005">201005181859040</controlfield>
    <controlfield tag="008">100518|###########||||||b||||||||||spa|d</controlfield>
    <datafield tag="020" ind1=" " ind2=" ">
      <subfield code="a">9781921573477</subfield>
    </datafield>
    <datafield tag="040" ind1=" " ind2=" ">
      <subfield code="c">SIUNPA</subfield>
    </datafield>
    <datafield tag="041" ind1=" " ind2=" ">
      <subfield code="a">eng</subfield>
    </datafield>
    <datafield tag="044" ind1=" " ind2=" ">
      <subfield code="a">US</subfield>
    </datafield>
    <datafield tag="080" ind1=" " ind2=" ">
      <subfield code="a">65.012.4 L425p</subfield>
    </datafield>
    <datafield tag="100" ind1=" " ind2=" ">
      <subfield code="a">Lawson, Daniel.</subfield>
    </datafield>
    <datafield tag="245" ind1=" " ind2=" ">
      <subfield code="a">PMBOK quick implementation guide</subfield>
    </datafield>
    <datafield tag="260" ind1=" " ind2=" ">
      <subfield code="a">Breinigsville, Pa.</subfield>
      <subfield code="b"> : Emereo Pty</subfield>
      <subfield code="c"> , 2010</subfield>
    </datafield>
    <datafield tag="500" ind1=" " ind2=" ">
      <subfield code="a">Subtít. de cub.: Introduction, Tips, FAQ's, mapping, terms and definitions</subfield>
    </datafield>
    <datafield tag="650" ind1=" " ind2=" ">
      <subfield code="a"> ELABORACION DE PROYECTOS</subfield>
    </datafield>
    <datafield tag="650" ind1=" " ind2=" ">
      <subfield code="a"> GESTION EMPRESARIAL</subfield>
    </datafield>
    <datafield tag="942" ind1=" " ind2=" ">
      <subfield code="c">BK</subfield>
    </datafield>
    <datafield tag="952" ind1=" " ind2=" ">
      <subfield code="a">BIB_RECT</subfield>
      <subfield code="b">BIB_UARG</subfield>
      <subfield code="d">2010-05-18</subfield>
      <subfield code="y">BK</subfield>
      <subfield code="p">05-39462</subfield>
      <subfield code="i">05-39462</subfield>
      <subfield code="g">214</subfield>
      <subfield code="o">65.012.4 L425p</subfield>
      <subfield code="e">Compra SIUNPA O.C. 158/09</subfield>
      <subfield code="8">CG</subfield>
    </datafield>
  </record>