
  <record>
    <leader>01000aam  22002601a 4500</leader>
    <controlfield tag="001">YPZ92918</controlfield>
    <controlfield tag="003">YPZ</controlfield>
    <controlfield tag="005">201005191804470</controlfield>
    <controlfield tag="008">100519|###########||||||b||||||||||spa|d</controlfield>
    <datafield tag="020" ind1=" " ind2=" ">
      <subfield code="a">8420619890 (o.c)</subfield>
    </datafield>
    <datafield tag="020" ind1=" " ind2=" ">
      <subfield code="a">8420612774 (t.1)</subfield>
    </datafield>
    <datafield tag="040" ind1=" " ind2=" ">
      <subfield code="c">SIUNPA</subfield>
    </datafield>
    <datafield tag="041" ind1=" " ind2=" ">
      <subfield code="a">spa</subfield>
    </datafield>
    <datafield tag="044" ind1=" " ind2=" ">
      <subfield code="a">ES</subfield>
    </datafield>
    <datafield tag="080" ind1=" " ind2=" ">
      <subfield code="a">821.111(73) P743c</subfield>
    </datafield>
    <datafield tag="100" ind1=" " ind2=" ">
      <subfield code="a">Poe, Edgar Allan.</subfield>
    </datafield>
    <datafield tag="245" ind1=" " ind2=" ">
      <subfield code="a">Cuentos</subfield>
      <subfield code="c"> / Cortázar, Julio, pról., tr. y notas</subfield>
    </datafield>
    <datafield tag="250" ind1=" " ind2=" ">
      <subfield code="a">6a ed.</subfield>
    </datafield>
    <datafield tag="260" ind1=" " ind2=" ">
      <subfield code="a">Madrid</subfield>
      <subfield code="b"> : Alianza</subfield>
      <subfield code="c"> , 1980</subfield>
    </datafield>
    <datafield tag="440" ind1=" " ind2=" ">
      <subfield code="a">Serie Historia / Lom</subfield>
      <subfield code="a">Sección de obras de economía</subfield>
      <subfield code="a">Biblioteca Alfagrama</subfield>
      <subfield code="a">Developerworks series</subfield>
      <subfield code="a">Cooperative information systems</subfield>
      <subfield code="a">Addison-Wesley signature series</subfield>
      <subfield code="a">William Stallings books on computer and data communications technolgy</subfield>
      <subfield code="a">Morgan Kaufmann practical guides series</subfield>
      <subfield code="a">Morgan Kaufmann practical guides series</subfield>
      <subfield code="a">Aportes a la educación inicial</subfield>
      <subfield code="a">Serie Ingeniería Química</subfield>
      <subfield code="a">Biblioteca de ciencias sociales y humanidades. Serie Economía</subfield>
      <subfield code="a">Sección de obras de historia. Fideicomiso Historia de las Américas. Serie ensayos</subfield>
      <subfield code="a">El libro de bolsillo</subfield>
      <subfield code="v">277</subfield>
    </datafield>
    <datafield tag="490" ind1=" " ind2=" ">
      <subfield code="a">Serie Historia / Lom</subfield>
      <subfield code="a">Sección de obras de economía</subfield>
      <subfield code="a">Biblioteca Alfagrama</subfield>
      <subfield code="a">Developerworks series</subfield>
      <subfield code="a">Cooperative information systems</subfield>
      <subfield code="a">Addison-Wesley signature series</subfield>
      <subfield code="a">William Stallings books on computer and data communications technolgy</subfield>
      <subfield code="a">Morgan Kaufmann practical guides series</subfield>
      <subfield code="a">Morgan Kaufmann practical guides series</subfield>
      <subfield code="a">Aportes a la educación inicial</subfield>
      <subfield code="a">Serie Ingeniería Química</subfield>
      <subfield code="a">Biblioteca de ciencias sociales y humanidades. Serie Economía</subfield>
      <subfield code="a">Sección de obras de historia. Fideicomiso Historia de las Américas. Serie ensayos</subfield>
      <subfield code="a">El libro de bolsillo</subfield>
      <subfield code="v">277</subfield>
    </datafield>
    <datafield tag="500" ind1=" " ind2=" ">
      <subfield code="a">La biblioteca posee t.1</subfield>
    </datafield>
    <datafield tag="650" ind1=" " ind2=" ">
      <subfield code="a"> LITERATURA NORTEAMERICANA</subfield>
    </datafield>
    <datafield tag="650" ind1=" " ind2=" ">
      <subfield code="a"> CUENTO</subfield>
    </datafield>
    <datafield tag="942" ind1=" " ind2=" ">
      <subfield code="c">BK</subfield>
    </datafield>
    <datafield tag="952" ind1=" " ind2=" ">
      <subfield code="a">BIB_RECT</subfield>
      <subfield code="b">BIB_UARG</subfield>
      <subfield code="d">2010-05-05</subfield>
      <subfield code="y">BK</subfield>
      <subfield code="p">05-39290</subfield>
      <subfield code="i">05-39290</subfield>
      <subfield code="g">79</subfield>
      <subfield code="o">821.111(73) P743c</subfield>
      <subfield code="e">Donación</subfield>
      <subfield code="8">CG</subfield>
    </datafield>
  </record>