
  <record>
    <leader>01000aam  22002601a 4500</leader>
    <controlfield tag="001">YPZ92935</controlfield>
    <controlfield tag="003">YPZ</controlfield>
    <controlfield tag="005">201005201823480</controlfield>
    <controlfield tag="008">100520|###########||||||b||||||||||spa|d</controlfield>
    <datafield tag="020" ind1=" " ind2=" ">
      <subfield code="a">9500415305</subfield>
    </datafield>
    <datafield tag="040" ind1=" " ind2=" ">
      <subfield code="c">SIUNPA</subfield>
    </datafield>
    <datafield tag="041" ind1=" " ind2=" ">
      <subfield code="a">spa</subfield>
    </datafield>
    <datafield tag="044" ind1=" " ind2=" ">
      <subfield code="a">AR</subfield>
    </datafield>
    <datafield tag="080" ind1=" " ind2=" ">
      <subfield code="a">821.134.2(82) C352t</subfield>
    </datafield>
    <datafield tag="100" ind1=" " ind2=" ">
      <subfield code="a">Castillo, Abelardo.</subfield>
    </datafield>
    <datafield tag="245" ind1=" " ind2=" ">
      <subfield code="a">Teatro completo</subfield>
    </datafield>
    <datafield tag="250" ind1=" " ind2=" ">
      <subfield code="a">1a ed.</subfield>
    </datafield>
    <datafield tag="260" ind1=" " ind2=" ">
      <subfield code="a">Buenos Aires</subfield>
      <subfield code="b"> : Emecé</subfield>
      <subfield code="c"> , 1995</subfield>
    </datafield>
    <datafield tag="650" ind1=" " ind2=" ">
      <subfield code="a"> LITERATURA ARGENTINA</subfield>
    </datafield>
    <datafield tag="650" ind1=" " ind2=" ">
      <subfield code="a"> TEATRO ARGENTINO</subfield>
    </datafield>
    <datafield tag="505" ind1="0" ind2="0">
      <subfield code="g">p. 13-43</subfield>
      <subfield code="g">- LITERATURA ARGENTINA|TEATRO ARGENTINA</subfield>
      <subfield code="r"/>
      <subfield code="t">Actos único:tragedias en un acto</subfield>
    </datafield>
    <datafield tag="505" ind1="0" ind2="0">
      <subfield code="g">p. 45-51</subfield>
      <subfield code="g">- LITERATURA ARGENTINA|TEATRO ARGENTINA</subfield>
      <subfield code="r">Liberman, Arnoldo</subfield>
      <subfield code="t">Posfacio y apunte para una escena final</subfield>
    </datafield>
    <datafield tag="505" ind1="0" ind2="0">
      <subfield code="g">p. 55-64</subfield>
      <subfield code="g">- LITERATURA ARGENTINA|TEATRO ARGENTINO</subfield>
      <subfield code="r"/>
      <subfield code="t">A partir de las siete:monodrama en un acto</subfield>
    </datafield>
    <datafield tag="505" ind1="0" ind2="0">
      <subfield code="g">p. 65-162</subfield>
      <subfield code="g">- LITERATURA ARGENTINA|TEATRO ARGENTINO</subfield>
      <subfield code="r"/>
      <subfield code="t">Israel:drama en dos actos y dos tabernas, sobre la vida de Edgar Poe</subfield>
    </datafield>
    <datafield tag="505" ind1="0" ind2="0">
      <subfield code="g">p. 163-234</subfield>
      <subfield code="g">- LITERATURA ARGENTINA|TEATRO ARGENTINO</subfield>
      <subfield code="r"/>
      <subfield code="t">Sobre las piedras de Jericó:drama en 4 actos y 17 escenas</subfield>
    </datafield>
    <datafield tag="505" ind1="0" ind2="0">
      <subfield code="g">p. 235-257</subfield>
      <subfield code="g">- LITERATURA ARGENTINA|TEATRO ARGENTINO</subfield>
      <subfield code="r"/>
      <subfield code="t">El señor Brecht en el salón dorado:oratorio profano</subfield>
    </datafield>
    <datafield tag="505" ind1="0" ind2="0">
      <subfield code="g">p. 259-298</subfield>
      <subfield code="g">- LITERATURA ARGENTINA|TEATRO ARGENTINO</subfield>
      <subfield code="r"/>
      <subfield code="t">Salomé:tragedia musical en 4 cuadros</subfield>
    </datafield>
    <datafield tag="773" ind1="0" ind2="#">
      <subfield code="a"/>
      <subfield code="g">- LITERATURA ARGENTINA|TEATRO ARGENTINA</subfield>
      <subfield code="h">p. 13-43</subfield>
      <subfield code="t">Actos único:tragedias en un acto</subfield>
    </datafield>
    <datafield tag="773" ind1="0" ind2="#">
      <subfield code="a">Liberman, Arnoldo</subfield>
      <subfield code="g">- LITERATURA ARGENTINA|TEATRO ARGENTINA</subfield>
      <subfield code="h">p. 45-51</subfield>
      <subfield code="t">Posfacio y apunte para una escena final</subfield>
    </datafield>
    <datafield tag="773" ind1="0" ind2="#">
      <subfield code="a"/>
      <subfield code="g">- LITERATURA ARGENTINA|TEATRO ARGENTINO</subfield>
      <subfield code="h">p. 55-64</subfield>
      <subfield code="t">A partir de las siete:monodrama en un acto</subfield>
    </datafield>
    <datafield tag="773" ind1="0" ind2="#">
      <subfield code="a"/>
      <subfield code="g">- LITERATURA ARGENTINA|TEATRO ARGENTINO</subfield>
      <subfield code="h">p. 65-162</subfield>
      <subfield code="t">Israel:drama en dos actos y dos tabernas, sobre la vida de Edgar Poe</subfield>
    </datafield>
    <datafield tag="773" ind1="0" ind2="#">
      <subfield code="a"/>
      <subfield code="g">- LITERATURA ARGENTINA|TEATRO ARGENTINO</subfield>
      <subfield code="h">p. 163-234</subfield>
      <subfield code="t">Sobre las piedras de Jericó:drama en 4 actos y 17 escenas</subfield>
    </datafield>
    <datafield tag="773" ind1="0" ind2="#">
      <subfield code="a"/>
      <subfield code="g">- LITERATURA ARGENTINA|TEATRO ARGENTINO</subfield>
      <subfield code="h">p. 235-257</subfield>
      <subfield code="t">El señor Brecht en el salón dorado:oratorio profano</subfield>
    </datafield>
    <datafield tag="773" ind1="0" ind2="#">
      <subfield code="a"/>
      <subfield code="g">- LITERATURA ARGENTINA|TEATRO ARGENTINO</subfield>
      <subfield code="h">p. 259-298</subfield>
      <subfield code="t">Salomé:tragedia musical en 4 cuadros</subfield>
    </datafield>
    <datafield tag="942" ind1=" " ind2=" ">
      <subfield code="c">BK</subfield>
    </datafield>
    <datafield tag="952" ind1=" " ind2=" ">
      <subfield code="a">BIB_RECT</subfield>
      <subfield code="b">BIB_UARG</subfield>
      <subfield code="d">2010-05-05</subfield>
      <subfield code="y">BK</subfield>
      <subfield code="p">05-39315</subfield>
      <subfield code="i">05-39315</subfield>
      <subfield code="g">44</subfield>
      <subfield code="o">821.134.2(82) C352t</subfield>
      <subfield code="e">Donación Spina, Daniel</subfield>
      <subfield code="8">CG</subfield>
    </datafield>
  </record>