
  <record>
    <leader>01000aam  22002601a 4500</leader>
    <controlfield tag="001">YPZ92937</controlfield>
    <controlfield tag="003">YPZ</controlfield>
    <controlfield tag="005">201005201854130</controlfield>
    <controlfield tag="008">100520|###########||||||b||||||||||spa|d</controlfield>
    <datafield tag="040" ind1=" " ind2=" ">
      <subfield code="c">SIUNPA</subfield>
    </datafield>
    <datafield tag="041" ind1=" " ind2=" ">
      <subfield code="a">spa</subfield>
    </datafield>
    <datafield tag="044" ind1=" " ind2=" ">
      <subfield code="a">AR</subfield>
    </datafield>
    <datafield tag="080" ind1=" " ind2=" ">
      <subfield code="a">821.134.2(82) L162j</subfield>
    </datafield>
    <datafield tag="100" ind1=" " ind2=" ">
      <subfield code="a">Laferrère, Gregorio de.</subfield>
    </datafield>
    <datafield tag="245" ind1=" " ind2=" ">
      <subfield code="a">Jettatore</subfield>
      <subfield code="c"> / Olaso, Ezequiel de, presentación</subfield>
    </datafield>
    <datafield tag="260" ind1=" " ind2=" ">
      <subfield code="a">Buenos Aires</subfield>
      <subfield code="b"> : Eudeba</subfield>
      <subfield code="c"> , 1964</subfield>
    </datafield>
    <datafield tag="440" ind1=" " ind2=" ">
      <subfield code="a">Serie del siglo y medio</subfield>
      <subfield code="v">62</subfield>
    </datafield>
    <datafield tag="490" ind1=" " ind2=" ">
      <subfield code="a">Serie del siglo y medio</subfield>
      <subfield code="v">62</subfield>
    </datafield>
    <datafield tag="650" ind1=" " ind2=" ">
      <subfield code="a"> LITERATURA ARGENTINA</subfield>
    </datafield>
    <datafield tag="650" ind1=" " ind2=" ">
      <subfield code="a"> TEATRO ARGENTINO</subfield>
    </datafield>
    <datafield tag="505" ind1="0" ind2="0">
      <subfield code="g">p. 75-165</subfield>
      <subfield code="g">- LITERATURA ARGENTINA - TEATRO ARGENTIN</subfield>
      <subfield code="r">Laferrère, Gregorio de</subfield>
      <subfield code="t">Locos de verano</subfield>
    </datafield>
    <datafield tag="773" ind1="0" ind2="#">
      <subfield code="a">Laferrère, Gregorio de</subfield>
      <subfield code="g">- LITERATURA ARGENTINA - TEATRO ARGENTIN</subfield>
      <subfield code="h">p. 75-165</subfield>
      <subfield code="t">Locos de verano</subfield>
    </datafield>
    <datafield tag="942" ind1=" " ind2=" ">
      <subfield code="c">BK</subfield>
    </datafield>
    <datafield tag="952" ind1=" " ind2=" ">
      <subfield code="a">BIB_RECT</subfield>
      <subfield code="b">BIB_UARG</subfield>
      <subfield code="d">2010-05-20</subfield>
      <subfield code="y">BK</subfield>
      <subfield code="p">05-39278</subfield>
      <subfield code="i">05-39278</subfield>
      <subfield code="g">25</subfield>
      <subfield code="o">821.134.2(82) L162j</subfield>
      <subfield code="e">Donación Spina</subfield>
      <subfield code="8">CG</subfield>
    </datafield>
  </record>