
  <record>
    <leader>01000aam  22002601a 4500</leader>
    <controlfield tag="001">YPZ92943</controlfield>
    <controlfield tag="003">YPZ</controlfield>
    <controlfield tag="005">201005211648290</controlfield>
    <controlfield tag="008">100521|###########||||||b||||||||||spa|d</controlfield>
    <datafield tag="040" ind1=" " ind2=" ">
      <subfield code="c">SIUNPA</subfield>
    </datafield>
    <datafield tag="041" ind1=" " ind2=" ">
      <subfield code="a">spa</subfield>
    </datafield>
    <datafield tag="044" ind1=" " ind2=" ">
      <subfield code="a">AR</subfield>
    </datafield>
    <datafield tag="080" ind1=" " ind2=" ">
      <subfield code="a">821.134.2(72) P752p</subfield>
    </datafield>
    <datafield tag="245" ind1=" " ind2=" ">
      <subfield code="a">Poesía de México</subfield>
      <subfield code="b"> : de los orígenes a 1880</subfield>
      <subfield code="c"> / Millan, María del Carmen, selección y presentación</subfield>
    </datafield>
    <datafield tag="260" ind1=" " ind2=" ">
      <subfield code="a">Buenos Aires</subfield>
      <subfield code="b"> : Eudeba</subfield>
      <subfield code="c"> , 1966</subfield>
    </datafield>
    <datafield tag="500" ind1=" " ind2=" ">
      <subfield code="a">En cub.: El cuento mexicano. De los orígenes al modernismo [error de impresión]</subfield>
    </datafield>
    <datafield tag="650" ind1=" " ind2=" ">
      <subfield code="a"> LITERATURA MEXICANA</subfield>
    </datafield>
    <datafield tag="650" ind1=" " ind2=" ">
      <subfield code="a"> POESIA</subfield>
    </datafield>
    <datafield tag="942" ind1=" " ind2=" ">
      <subfield code="c">BK</subfield>
    </datafield>
    <datafield tag="952" ind1=" " ind2=" ">
      <subfield code="a">BIB_RECT</subfield>
      <subfield code="b">BIB_UARG</subfield>
      <subfield code="d">2010-05-05</subfield>
      <subfield code="y">BK</subfield>
      <subfield code="p">05-01054</subfield>
      <subfield code="i">05-01054</subfield>
      <subfield code="g">19</subfield>
      <subfield code="o">821.134.2(72) P752p</subfield>
      <subfield code="e">Migración UARG</subfield>
      <subfield code="8">CG</subfield>
    </datafield>
    <datafield tag="952" ind1=" " ind2=" ">
      <subfield code="a">BIB_RECT</subfield>
      <subfield code="b">BIB_UARG</subfield>
      <subfield code="d">2010-05-05</subfield>
      <subfield code="y">BK</subfield>
      <subfield code="p">05-06523</subfield>
      <subfield code="i">05-06523</subfield>
      <subfield code="g">19</subfield>
      <subfield code="o">821.134.2(72) P752p</subfield>
      <subfield code="e">Migración UARG</subfield>
      <subfield code="8">CG</subfield>
    </datafield>
    <datafield tag="952" ind1=" " ind2=" ">
      <subfield code="a">BIB_RECT</subfield>
      <subfield code="b">BIB_UARG</subfield>
      <subfield code="d">2010-05-05</subfield>
      <subfield code="y">BK</subfield>
      <subfield code="p">05-39288</subfield>
      <subfield code="i">05-39288</subfield>
      <subfield code="g">19</subfield>
      <subfield code="o">821.134.2(72) P752p</subfield>
      <subfield code="e">Donación Spina, Daniel</subfield>
      <subfield code="8">CG</subfield>
    </datafield>
  </record>