
  <record>
    <leader>01000aam  22002601a 4500</leader>
    <controlfield tag="001">YPZ92945</controlfield>
    <controlfield tag="003">YPZ</controlfield>
    <controlfield tag="005">201005211723400</controlfield>
    <controlfield tag="008">100521|###########||||||b||||||||||spa|d</controlfield>
    <datafield tag="020" ind1=" " ind2=" ">
      <subfield code="a">950031543</subfield>
    </datafield>
    <datafield tag="040" ind1=" " ind2=" ">
      <subfield code="c">SIUNPA</subfield>
    </datafield>
    <datafield tag="041" ind1=" " ind2=" ">
      <subfield code="a">spa</subfield>
    </datafield>
    <datafield tag="044" ind1=" " ind2=" ">
      <subfield code="a">AR</subfield>
    </datafield>
    <datafield tag="080" ind1=" " ind2=" ">
      <subfield code="a">821.161.1 G669ma</subfield>
    </datafield>
    <datafield tag="100" ind1=" " ind2=" ">
      <subfield code="a">Gorki, Máximo.</subfield>
    </datafield>
    <datafield tag="245" ind1=" " ind2=" ">
      <subfield code="a">Malva</subfield>
    </datafield>
    <datafield tag="260" ind1=" " ind2=" ">
      <subfield code="a">Buenos Aires</subfield>
      <subfield code="b"> : [Rei Argentina]</subfield>
      <subfield code="c"> , [1994]</subfield>
    </datafield>
    <datafield tag="440" ind1=" " ind2=" ">
      <subfield code="a">Narradores europeos</subfield>
      <subfield code="a">Biblioteca clásica y contemporánea</subfield>
      <subfield code="a">Serie del nuevo mundo</subfield>
      <subfield code="a">Biblioteca Página/12</subfield>
      <subfield code="v">71</subfield>
    </datafield>
    <datafield tag="490" ind1=" " ind2=" ">
      <subfield code="a">Narradores europeos</subfield>
      <subfield code="a">Biblioteca clásica y contemporánea</subfield>
      <subfield code="a">Serie del nuevo mundo</subfield>
      <subfield code="a">Biblioteca Página/12</subfield>
      <subfield code="v">71</subfield>
    </datafield>
    <datafield tag="650" ind1=" " ind2=" ">
      <subfield code="a"> LITERATURA RUSA</subfield>
    </datafield>
    <datafield tag="650" ind1=" " ind2=" ">
      <subfield code="a"> CUENTO</subfield>
    </datafield>
    <datafield tag="505" ind1="0" ind2="0">
      <subfield code="g">p. 85-93</subfield>
      <subfield code="g">- LITERATURA RUSA|- CUENTO</subfield>
      <subfield code="r">Gorki, Máximo</subfield>
      <subfield code="t">Boles</subfield>
    </datafield>
    <datafield tag="773" ind1="0" ind2="#">
      <subfield code="a">Gorki, Máximo</subfield>
      <subfield code="g">- LITERATURA RUSA|- CUENTO</subfield>
      <subfield code="h">p. 85-93</subfield>
      <subfield code="t">Boles</subfield>
    </datafield>
    <datafield tag="942" ind1=" " ind2=" ">
      <subfield code="c">BK</subfield>
    </datafield>
    <datafield tag="952" ind1=" " ind2=" ">
      <subfield code="a">BIB_RECT</subfield>
      <subfield code="b">BIB_UARG</subfield>
      <subfield code="d">2010-05-05</subfield>
      <subfield code="y">BK</subfield>
      <subfield code="p">05-10046</subfield>
      <subfield code="i">05-10046</subfield>
      <subfield code="g">13</subfield>
      <subfield code="o">821.161.1 G669ma</subfield>
      <subfield code="e">Donación Cervato, Patricia</subfield>
      <subfield code="8">CG</subfield>
    </datafield>
    <datafield tag="952" ind1=" " ind2=" ">
      <subfield code="a">BIB_RECT</subfield>
      <subfield code="b">BIB_UARG</subfield>
      <subfield code="d">2010-05-05</subfield>
      <subfield code="y">BK</subfield>
      <subfield code="p">05-39303</subfield>
      <subfield code="i">05-39303</subfield>
      <subfield code="g">13</subfield>
      <subfield code="o">821.161.1 G669ma</subfield>
      <subfield code="e">Donación Spina, Daniel</subfield>
      <subfield code="8">CG</subfield>
    </datafield>
  </record>