
  <record>
    <leader>01000aam  22002601a 4500</leader>
    <controlfield tag="001">YPZ92951</controlfield>
    <controlfield tag="003">YPZ</controlfield>
    <controlfield tag="005">201005280855310</controlfield>
    <controlfield tag="008">100528|###########||||||b||||||||||spa|d</controlfield>
    <datafield tag="040" ind1=" " ind2=" ">
      <subfield code="c">SIUNPA</subfield>
    </datafield>
    <datafield tag="041" ind1=" " ind2=" ">
      <subfield code="a">spa</subfield>
    </datafield>
    <datafield tag="044" ind1=" " ind2=" ">
      <subfield code="a">AR</subfield>
    </datafield>
    <datafield tag="080" ind1=" " ind2=" ">
      <subfield code="a">821.134.2(82) B846b</subfield>
    </datafield>
    <datafield tag="240" ind1=" " ind2=" ">
      <subfield code="a">[Obras de teatro]</subfield>
    </datafield>
    <datafield tag="245" ind1=" " ind2=" ">
      <subfield code="a">Breve historia del teatro argentino</subfield>
      <subfield code="c"> / Ordaz, Luis, selección y presentación</subfield>
    </datafield>
    <datafield tag="260" ind1=" " ind2=" ">
      <subfield code="a">Buenos Aires</subfield>
      <subfield code="b"> : Eudeba</subfield>
      <subfield code="c"> , c1962</subfield>
    </datafield>
    <datafield tag="440" ind1=" " ind2=" ">
      <subfield code="a">Serie del siglo y medio</subfield>
      <subfield code="v">36, 39, 43, 46, 50, 53, 76, 89</subfield>
    </datafield>
    <datafield tag="490" ind1=" " ind2=" ">
      <subfield code="a">Serie del siglo y medio</subfield>
      <subfield code="v">36, 39, 43, 46, 50, 53, 76, 89</subfield>
    </datafield>
    <datafield tag="500" ind1=" " ind2=" ">
      <subfield code="a">La biblioteca posee t. 1-8</subfield>
    </datafield>
    <datafield tag="500" ind1=" " ind2=" ">
      <subfield code="a">El año de impresión varía según el ejemplar</subfield>
    </datafield>
    <datafield tag="650" ind1=" " ind2=" ">
      <subfield code="a"> LITERATURA ARGENTINA</subfield>
    </datafield>
    <datafield tag="650" ind1=" " ind2=" ">
      <subfield code="a"> TEATRO ARGENTINO</subfield>
    </datafield>
    <datafield tag="505" ind1="0" ind2="0">
      <subfield code="g">p. 25-80</subfield>
      <subfield code="g">- LITERATURA ARGENTINA|- TEATRO ARGENTIN</subfield>
      <subfield code="r">Peña, David</subfield>
      <subfield code="t">Próspera</subfield>
    </datafield>
    <datafield tag="505" ind1="0" ind2="0">
      <subfield code="g">p. 81-158</subfield>
      <subfield code="g">- LITERATURA ARGENTINA|- TEATRO ARGENTIN</subfield>
      <subfield code="r">León Pagano, José</subfield>
      <subfield code="t">La alta comedia</subfield>
    </datafield>
    <datafield tag="773" ind1="0" ind2="#">
      <subfield code="a">Peña, David</subfield>
      <subfield code="g">- LITERATURA ARGENTINA|- TEATRO ARGENTIN</subfield>
      <subfield code="h">p. 25-80</subfield>
      <subfield code="t">Próspera</subfield>
    </datafield>
    <datafield tag="773" ind1="0" ind2="#">
      <subfield code="a">León Pagano, José</subfield>
      <subfield code="g">- LITERATURA ARGENTINA|- TEATRO ARGENTIN</subfield>
      <subfield code="h">p. 81-158</subfield>
      <subfield code="t">La alta comedia</subfield>
    </datafield>
    <datafield tag="942" ind1=" " ind2=" ">
      <subfield code="c">BK</subfield>
    </datafield>
    <datafield tag="952" ind1=" " ind2=" ">
      <subfield code="a">BIB_RECT</subfield>
      <subfield code="b">BIB_UARG</subfield>
      <subfield code="d">2010-08-18</subfield>
      <subfield code="y">BK</subfield>
      <subfield code="p">05-01087</subfield>
      <subfield code="i">05-01087</subfield>
      <subfield code="g">29</subfield>
      <subfield code="o">821.134.2(82) B846b</subfield>
      <subfield code="e">Donación</subfield>
      <subfield code="8">CG</subfield>
    </datafield>
    <datafield tag="952" ind1=" " ind2=" ">
      <subfield code="a">BIB_RECT</subfield>
      <subfield code="b">BIB_UARG</subfield>
      <subfield code="d">2010-08-18</subfield>
      <subfield code="y">BK</subfield>
      <subfield code="p">05-01387</subfield>
      <subfield code="i">05-01387</subfield>
      <subfield code="g">29</subfield>
      <subfield code="o">821.134.2(82) B846b</subfield>
      <subfield code="e">Donación</subfield>
      <subfield code="8">CG</subfield>
    </datafield>
    <datafield tag="952" ind1=" " ind2=" ">
      <subfield code="a">BIB_RECT</subfield>
      <subfield code="b">BIB_UARG</subfield>
      <subfield code="d">2010-08-18</subfield>
      <subfield code="y">BK</subfield>
      <subfield code="p">05-01388</subfield>
      <subfield code="i">05-01388</subfield>
      <subfield code="g">29</subfield>
      <subfield code="o">821.134.2(82) B846b</subfield>
      <subfield code="e">Donación</subfield>
      <subfield code="8">CG</subfield>
    </datafield>
    <datafield tag="952" ind1=" " ind2=" ">
      <subfield code="a">BIB_RECT</subfield>
      <subfield code="b">BIB_UARG</subfield>
      <subfield code="d">2010-08-18</subfield>
      <subfield code="y">BK</subfield>
      <subfield code="p">05-01389</subfield>
      <subfield code="i">05-01389</subfield>
      <subfield code="g">29</subfield>
      <subfield code="o">821.134.2(82) B846b</subfield>
      <subfield code="e">Donación</subfield>
      <subfield code="8">CG</subfield>
    </datafield>
    <datafield tag="952" ind1=" " ind2=" ">
      <subfield code="a">BIB_RECT</subfield>
      <subfield code="b">BIB_UARG</subfield>
      <subfield code="d">2010-05-28</subfield>
      <subfield code="y">BK</subfield>
      <subfield code="p">05-39280</subfield>
      <subfield code="i">05-39280</subfield>
      <subfield code="g">32</subfield>
      <subfield code="o">821.134.2(82) B846b</subfield>
      <subfield code="e">Donación Spina</subfield>
      <subfield code="8">CG</subfield>
    </datafield>
    <datafield tag="952" ind1=" " ind2=" ">
      <subfield code="a">BIB_RECT</subfield>
      <subfield code="b">BIB_UARG</subfield>
      <subfield code="d">2013-11-15</subfield>
      <subfield code="y">BK</subfield>
      <subfield code="p">05-45810</subfield>
      <subfield code="i">05-45810</subfield>
      <subfield code="g">30</subfield>
      <subfield code="o">821.134.2(82) B846b</subfield>
      <subfield code="e">Don. Flia. Celada, Amelia</subfield>
      <subfield code="8">CG</subfield>
    </datafield>
    <datafield tag="952" ind1=" " ind2=" ">
      <subfield code="a">BIB_RECT</subfield>
      <subfield code="b">BIB_UARG</subfield>
      <subfield code="d">2014-09-19</subfield>
      <subfield code="y">BK</subfield>
      <subfield code="p">05-46596</subfield>
      <subfield code="i">05-46596</subfield>
      <subfield code="g">35</subfield>
      <subfield code="o">821.134.2(82) B846b</subfield>
      <subfield code="e">Don. Celada, Amelia</subfield>
      <subfield code="8">CG</subfield>
    </datafield>
    <datafield tag="952" ind1=" " ind2=" ">
      <subfield code="a">BIB_RECT</subfield>
      <subfield code="b">BIB_UARG</subfield>
      <subfield code="d">2014-09-19</subfield>
      <subfield code="y">BK</subfield>
      <subfield code="p">05-46597</subfield>
      <subfield code="i">05-46597</subfield>
      <subfield code="g">35</subfield>
      <subfield code="o">821.134.2(82) B846b</subfield>
      <subfield code="e">Don. Celada, Amelia</subfield>
      <subfield code="8">CG</subfield>
    </datafield>
    <datafield tag="952" ind1=" " ind2=" ">
      <subfield code="a">BIB_RECT</subfield>
      <subfield code="b">BIB_UARG</subfield>
      <subfield code="d">2014-09-25</subfield>
      <subfield code="y">BK</subfield>
      <subfield code="p">05-46598</subfield>
      <subfield code="i">05-46598</subfield>
      <subfield code="g">35</subfield>
      <subfield code="o">821.134.2(82) B846b</subfield>
      <subfield code="e">Don. Celada, Amelia</subfield>
      <subfield code="8">CG</subfield>
    </datafield>
    <datafield tag="952" ind1=" " ind2=" ">
      <subfield code="a">BIB_RECT</subfield>
      <subfield code="b">BIB_UARG</subfield>
      <subfield code="d">2014-09-19</subfield>
      <subfield code="y">BK</subfield>
      <subfield code="p">05-46599</subfield>
      <subfield code="i">05-46599</subfield>
      <subfield code="g">35</subfield>
      <subfield code="o">821.134.2(82) B846b</subfield>
      <subfield code="e">Don. Celada, Amelia</subfield>
      <subfield code="8">CG</subfield>
    </datafield>
    <datafield tag="952" ind1=" " ind2=" ">
      <subfield code="a">BIB_RECT</subfield>
      <subfield code="b">BIB_UARG</subfield>
      <subfield code="d">2014-09-19</subfield>
      <subfield code="y">BK</subfield>
      <subfield code="p">05-46600</subfield>
      <subfield code="i">05-46600</subfield>
      <subfield code="g">40</subfield>
      <subfield code="o">821.134.2(82) B846b</subfield>
      <subfield code="e">Don. Celada, Amelia</subfield>
      <subfield code="8">CG</subfield>
    </datafield>
    <datafield tag="952" ind1=" " ind2=" ">
      <subfield code="a">BIB_RECT</subfield>
      <subfield code="b">BIB_UARG</subfield>
      <subfield code="d">2014-09-19</subfield>
      <subfield code="y">BK</subfield>
      <subfield code="p">05-46601</subfield>
      <subfield code="i">05-46601</subfield>
      <subfield code="g">35</subfield>
      <subfield code="o">821.134.2(82) B846b</subfield>
      <subfield code="e">Don. Celada, Amelia</subfield>
      <subfield code="8">CG</subfield>
    </datafield>
    <datafield tag="952" ind1=" " ind2=" ">
      <subfield code="a">BIB_RECT</subfield>
      <subfield code="b">BIB_UARG</subfield>
      <subfield code="d">2014-09-19</subfield>
      <subfield code="y">BK</subfield>
      <subfield code="p">05-46602</subfield>
      <subfield code="i">05-46602</subfield>
      <subfield code="g">35</subfield>
      <subfield code="o">821.134.2(82) B846b</subfield>
      <subfield code="e">Don. Celada, Amelia</subfield>
      <subfield code="8">CG</subfield>
    </datafield>
  </record>