
  <record>
    <leader>01000aam  22002601a 4500</leader>
    <controlfield tag="001">YPZ92958</controlfield>
    <controlfield tag="003">YPZ</controlfield>
    <controlfield tag="005">201005281540420</controlfield>
    <controlfield tag="008">100528|###########||||||b||||||||||spa|d</controlfield>
    <datafield tag="040" ind1=" " ind2=" ">
      <subfield code="c">SIUNPA</subfield>
    </datafield>
    <datafield tag="041" ind1=" " ind2=" ">
      <subfield code="a">spa</subfield>
    </datafield>
    <datafield tag="044" ind1=" " ind2=" ">
      <subfield code="a">AR</subfield>
    </datafield>
    <datafield tag="080" ind1=" " ind2=" ">
      <subfield code="a">821.112.2 T222t</subfield>
    </datafield>
    <datafield tag="245" ind1=" " ind2=" ">
      <subfield code="a">Teatro alemán en idioma español</subfield>
      <subfield code="b"> : 10 obras de autores contemporáneos</subfield>
    </datafield>
    <datafield tag="260" ind1=" " ind2=" ">
      <subfield code="a">Buenos Aires</subfield>
      <subfield code="b"> : Instituto Goethe</subfield>
      <subfield code="c"> , 1982</subfield>
    </datafield>
    <datafield tag="650" ind1=" " ind2=" ">
      <subfield code="a"> LITERATURA ALEMANA</subfield>
    </datafield>
    <datafield tag="650" ind1=" " ind2=" ">
      <subfield code="a"> TEATRO ALEMAN</subfield>
    </datafield>
    <datafield tag="505" ind1="0" ind2="0">
      <subfield code="g">p. 9-63</subfield>
      <subfield code="g">- LITERATURA ALEMANA|- TEATRO ALEMAN</subfield>
      <subfield code="r">Bernhard, Thomas</subfield>
      <subfield code="t">El hombre que quiere mejorar el mundo = Der weltverbesserer</subfield>
    </datafield>
    <datafield tag="505" ind1="0" ind2="0">
      <subfield code="g">p. 65-141</subfield>
      <subfield code="g">- LITERATURA ALEMANA|- TEATRO ALEMAN</subfield>
      <subfield code="r">Bernhard, Thomas</subfield>
      <subfield code="t">Ante el retiro = Vor dem Ruhestand:una comedia del alma alemana = eine komödie von deutscher seele</subfield>
    </datafield>
    <datafield tag="505" ind1="0" ind2="0">
      <subfield code="g">p. 142-166</subfield>
      <subfield code="g">- LITERATURA ALEMANA|- TEATRO ALEMAN</subfield>
      <subfield code="r">Graser, Jörg</subfield>
      <subfield code="t">Herencia macabra = Wiitwenverbrennung</subfield>
    </datafield>
    <datafield tag="505" ind1="0" ind2="0">
      <subfield code="g">p. 167-193</subfield>
      <subfield code="g">- LITERATURA ALEMANA|- TEATRO ALEMAN</subfield>
      <subfield code="r">Kroetz, Franz Xaver</subfield>
      <subfield code="t">Línea de montaje = Mensch meier</subfield>
    </datafield>
    <datafield tag="505" ind1="0" ind2="0">
      <subfield code="g">p. 195-232</subfield>
      <subfield code="g">- LITERATURA ALEMANA|- TEATRO ALEMAN</subfield>
      <subfield code="r">Kroetz, Franz Xaver</subfield>
      <subfield code="t">Ni carne ni pescado = Nicht fisch nicht fleisch</subfield>
    </datafield>
    <datafield tag="505" ind1="0" ind2="0">
      <subfield code="g">p. 233-272</subfield>
      <subfield code="g">- LITERATURA ALEMANA|- TEATRO ALEMAN</subfield>
      <subfield code="r">Kuhlmann, Harald</subfield>
      <subfield code="t">Campanas de pentecostés = Pfingstläuten</subfield>
    </datafield>
    <datafield tag="505" ind1="0" ind2="0">
      <subfield code="g">p. 273-299</subfield>
      <subfield code="g">- LITERATURA ALEMANA|- TEATRO ALEMAN</subfield>
      <subfield code="r">Roth, Gerhard</subfield>
      <subfield code="t">Añoranza = Sehnsucht</subfield>
    </datafield>
    <datafield tag="505" ind1="0" ind2="0">
      <subfield code="g">p. 301-326</subfield>
      <subfield code="g">- LITERATURA ALEMANA|- TEATRO ALEMAN</subfield>
      <subfield code="r">Strauss, Botho</subfield>
      <subfield code="t">Rostros conocidos, sentimientos ambiguos = Bekannte gesichter, gemischte gefühle:comedia = komödie</subfield>
    </datafield>
    <datafield tag="505" ind1="0" ind2="0">
      <subfield code="g">p. 327-383</subfield>
      <subfield code="g">- LITERATURA ALEMANA|- TEATRO ALEMAN</subfield>
      <subfield code="r">Strauss, Botho</subfield>
      <subfield code="t">Trilogía del reencuentro = trilogie des wiedersehens</subfield>
    </datafield>
    <datafield tag="505" ind1="0" ind2="0">
      <subfield code="g">p. 384-405</subfield>
      <subfield code="g">- LITERATURA ALEMANA|- TEATRO ALEMAN</subfield>
      <subfield code="r">Süsskind, Patrick</subfield>
      <subfield code="t">El contrabajo = Der kontrabass</subfield>
    </datafield>
    <datafield tag="773" ind1="0" ind2="#">
      <subfield code="a">Bernhard, Thomas</subfield>
      <subfield code="g">- LITERATURA ALEMANA|- TEATRO ALEMAN</subfield>
      <subfield code="h">p. 9-63</subfield>
      <subfield code="t">El hombre que quiere mejorar el mundo = Der weltverbesserer</subfield>
    </datafield>
    <datafield tag="773" ind1="0" ind2="#">
      <subfield code="a">Bernhard, Thomas</subfield>
      <subfield code="g">- LITERATURA ALEMANA|- TEATRO ALEMAN</subfield>
      <subfield code="h">p. 65-141</subfield>
      <subfield code="t">Ante el retiro = Vor dem Ruhestand:una comedia del alma alemana = eine komödie von deutscher seele</subfield>
    </datafield>
    <datafield tag="773" ind1="0" ind2="#">
      <subfield code="a">Graser, Jörg</subfield>
      <subfield code="g">- LITERATURA ALEMANA|- TEATRO ALEMAN</subfield>
      <subfield code="h">p. 142-166</subfield>
      <subfield code="t">Herencia macabra = Wiitwenverbrennung</subfield>
    </datafield>
    <datafield tag="773" ind1="0" ind2="#">
      <subfield code="a">Kroetz, Franz Xaver</subfield>
      <subfield code="g">- LITERATURA ALEMANA|- TEATRO ALEMAN</subfield>
      <subfield code="h">p. 167-193</subfield>
      <subfield code="t">Línea de montaje = Mensch meier</subfield>
    </datafield>
    <datafield tag="773" ind1="0" ind2="#">
      <subfield code="a">Kroetz, Franz Xaver</subfield>
      <subfield code="g">- LITERATURA ALEMANA|- TEATRO ALEMAN</subfield>
      <subfield code="h">p. 195-232</subfield>
      <subfield code="t">Ni carne ni pescado = Nicht fisch nicht fleisch</subfield>
    </datafield>
    <datafield tag="773" ind1="0" ind2="#">
      <subfield code="a">Kuhlmann, Harald</subfield>
      <subfield code="g">- LITERATURA ALEMANA|- TEATRO ALEMAN</subfield>
      <subfield code="h">p. 233-272</subfield>
      <subfield code="t">Campanas de pentecostés = Pfingstläuten</subfield>
    </datafield>
    <datafield tag="773" ind1="0" ind2="#">
      <subfield code="a">Roth, Gerhard</subfield>
      <subfield code="g">- LITERATURA ALEMANA|- TEATRO ALEMAN</subfield>
      <subfield code="h">p. 273-299</subfield>
      <subfield code="t">Añoranza = Sehnsucht</subfield>
    </datafield>
    <datafield tag="773" ind1="0" ind2="#">
      <subfield code="a">Strauss, Botho</subfield>
      <subfield code="g">- LITERATURA ALEMANA|- TEATRO ALEMAN</subfield>
      <subfield code="h">p. 301-326</subfield>
      <subfield code="t">Rostros conocidos, sentimientos ambiguos = Bekannte gesichter, gemischte gefühle:comedia = komödie</subfield>
    </datafield>
    <datafield tag="773" ind1="0" ind2="#">
      <subfield code="a">Strauss, Botho</subfield>
      <subfield code="g">- LITERATURA ALEMANA|- TEATRO ALEMAN</subfield>
      <subfield code="h">p. 327-383</subfield>
      <subfield code="t">Trilogía del reencuentro = trilogie des wiedersehens</subfield>
    </datafield>
    <datafield tag="773" ind1="0" ind2="#">
      <subfield code="a">Süsskind, Patrick</subfield>
      <subfield code="g">- LITERATURA ALEMANA|- TEATRO ALEMAN</subfield>
      <subfield code="h">p. 384-405</subfield>
      <subfield code="t">El contrabajo = Der kontrabass</subfield>
    </datafield>
    <datafield tag="942" ind1=" " ind2=" ">
      <subfield code="c">BK</subfield>
    </datafield>
    <datafield tag="952" ind1=" " ind2=" ">
      <subfield code="a">BIB_RECT</subfield>
      <subfield code="b">BIB_UARG</subfield>
      <subfield code="d">2010-05-05</subfield>
      <subfield code="y">BK</subfield>
      <subfield code="p">05-39316</subfield>
      <subfield code="i">05-39316</subfield>
      <subfield code="g">60</subfield>
      <subfield code="o">821.112.2 T222t</subfield>
      <subfield code="e">Donación Spina, Daniel</subfield>
      <subfield code="8">CG</subfield>
    </datafield>
  </record>