
  <record>
    <leader>01000aam  22002601a 4500</leader>
    <controlfield tag="001">YPZ92961</controlfield>
    <controlfield tag="003">YPZ</controlfield>
    <controlfield tag="005">201005281708220</controlfield>
    <controlfield tag="008">100528|###########||||||b||||||||||spa|d</controlfield>
    <datafield tag="020" ind1=" " ind2=" ">
      <subfield code="a">9879015487</subfield>
    </datafield>
    <datafield tag="040" ind1=" " ind2=" ">
      <subfield code="c">SIUNPA</subfield>
    </datafield>
    <datafield tag="041" ind1=" " ind2=" ">
      <subfield code="a">spa</subfield>
    </datafield>
    <datafield tag="044" ind1=" " ind2=" ">
      <subfield code="a">AR</subfield>
    </datafield>
    <datafield tag="080" ind1=" " ind2=" ">
      <subfield code="a">821.161.1 P961a</subfield>
    </datafield>
    <datafield tag="100" ind1=" " ind2=" ">
      <subfield code="a">Pushkin, Alexander S..</subfield>
    </datafield>
    <datafield tag="245" ind1=" " ind2=" ">
      <subfield code="a">El azar en el juego y otros relatos</subfield>
    </datafield>
    <datafield tag="260" ind1=" " ind2=" ">
      <subfield code="a">Buenos Aires</subfield>
      <subfield code="b"> : Rei Argentina</subfield>
      <subfield code="c"> , [1995]</subfield>
    </datafield>
    <datafield tag="440" ind1=" " ind2=" ">
      <subfield code="a">Colección didáctica</subfield>
      <subfield code="a">Biblioteca Página/12</subfield>
      <subfield code="v">93</subfield>
    </datafield>
    <datafield tag="490" ind1=" " ind2=" ">
      <subfield code="a">Colección didáctica</subfield>
      <subfield code="a">Biblioteca Página/12</subfield>
      <subfield code="v">93</subfield>
    </datafield>
    <datafield tag="650" ind1=" " ind2=" ">
      <subfield code="a"> LITERATURA RUSA</subfield>
    </datafield>
    <datafield tag="650" ind1=" " ind2=" ">
      <subfield code="a"> CUENTO</subfield>
    </datafield>
    <datafield tag="505" ind1="0" ind2="0">
      <subfield code="g">p. 47-76</subfield>
      <subfield code="g">- LITERATURA RUSA|- CUENTO</subfield>
      <subfield code="r">Pushkin, Alexander S.</subfield>
      <subfield code="t">La hidalga campesina</subfield>
    </datafield>
    <datafield tag="505" ind1="0" ind2="0">
      <subfield code="g">p. 77-94</subfield>
      <subfield code="g">- LITERATURA RUSA|- CUENTO</subfield>
      <subfield code="r">Pushkin, Alexander S.</subfield>
      <subfield code="t">El desafío</subfield>
    </datafield>
    <datafield tag="773" ind1="0" ind2="#">
      <subfield code="a">Pushkin, Alexander S.</subfield>
      <subfield code="g">- LITERATURA RUSA|- CUENTO</subfield>
      <subfield code="h">p. 47-76</subfield>
      <subfield code="t">La hidalga campesina</subfield>
    </datafield>
    <datafield tag="773" ind1="0" ind2="#">
      <subfield code="a">Pushkin, Alexander S.</subfield>
      <subfield code="g">- LITERATURA RUSA|- CUENTO</subfield>
      <subfield code="h">p. 77-94</subfield>
      <subfield code="t">El desafío</subfield>
    </datafield>
    <datafield tag="942" ind1=" " ind2=" ">
      <subfield code="c">BK</subfield>
    </datafield>
    <datafield tag="952" ind1=" " ind2=" ">
      <subfield code="a">BIB_RECT</subfield>
      <subfield code="b">BIB_UARG</subfield>
      <subfield code="d">2010-05-05</subfield>
      <subfield code="y">BK</subfield>
      <subfield code="p">05-39306</subfield>
      <subfield code="i">05-39306</subfield>
      <subfield code="g">13</subfield>
      <subfield code="o">821.161.1 P961a</subfield>
      <subfield code="e">Donación Spina, Daniel</subfield>
      <subfield code="8">CG</subfield>
    </datafield>
  </record>