
  <record>
    <leader>01000aam  22002601a 4500</leader>
    <controlfield tag="001">YPZ92970</controlfield>
    <controlfield tag="003">YPZ</controlfield>
    <controlfield tag="005">201005311721040</controlfield>
    <controlfield tag="008">100531|###########||||||b||||||||||spa|d</controlfield>
    <datafield tag="020" ind1=" " ind2=" ">
      <subfield code="a">8440604726</subfield>
    </datafield>
    <datafield tag="040" ind1=" " ind2=" ">
      <subfield code="c">SIUNPA</subfield>
    </datafield>
    <datafield tag="041" ind1=" " ind2=" ">
      <subfield code="a">spa</subfield>
    </datafield>
    <datafield tag="044" ind1=" " ind2=" ">
      <subfield code="a">ES</subfield>
    </datafield>
    <datafield tag="080" ind1=" " ind2=" ">
      <subfield code="a">821.14'02 S681t</subfield>
    </datafield>
    <datafield tag="100" ind1=" " ind2=" ">
      <subfield code="a">Sófocles.</subfield>
    </datafield>
    <datafield tag="240" ind1=" " ind2=" ">
      <subfield code="a">Obras de teatro</subfield>
    </datafield>
    <datafield tag="245" ind1=" " ind2=" ">
      <subfield code="a">Tragedias completas</subfield>
      <subfield code="c"> / Pallí Bonet, Julio, tr., introd. y notas</subfield>
    </datafield>
    <datafield tag="250" ind1=" " ind2=" ">
      <subfield code="a">1a ed.</subfield>
    </datafield>
    <datafield tag="260" ind1=" " ind2=" ">
      <subfield code="a">Barcelona</subfield>
      <subfield code="b"> : Ediciones B</subfield>
      <subfield code="c"> , 1989</subfield>
    </datafield>
    <datafield tag="440" ind1=" " ind2=" ">
      <subfield code="a">Libro clásico / Ediciones B</subfield>
      <subfield code="v">11</subfield>
    </datafield>
    <datafield tag="490" ind1=" " ind2=" ">
      <subfield code="a">Libro clásico / Ediciones B</subfield>
      <subfield code="v">11</subfield>
    </datafield>
    <datafield tag="650" ind1=" " ind2=" ">
      <subfield code="a"> LITERATURA GRIEGA</subfield>
    </datafield>
    <datafield tag="650" ind1=" " ind2=" ">
      <subfield code="a"> TEATRO</subfield>
    </datafield>
    <datafield tag="942" ind1=" " ind2=" ">
      <subfield code="c">BK</subfield>
    </datafield>
    <datafield tag="952" ind1=" " ind2=" ">
      <subfield code="a">BIB_RECT</subfield>
      <subfield code="b">BIB_UARG</subfield>
      <subfield code="d">2010-05-20</subfield>
      <subfield code="y">BK</subfield>
      <subfield code="p">05-39514</subfield>
      <subfield code="i">05-39514</subfield>
      <subfield code="g">55</subfield>
      <subfield code="o">821.14'02 S681t</subfield>
      <subfield code="e">Donación Araya, Mariana A.</subfield>
      <subfield code="8">CG</subfield>
    </datafield>
  </record>