
  <record>
    <leader>01000aam  22002601a 4500</leader>
    <controlfield tag="001">YPZ92978</controlfield>
    <controlfield tag="003">YPZ</controlfield>
    <controlfield tag="005">201006021433360</controlfield>
    <controlfield tag="008">100602|###########||||||b||||||||||spa|d</controlfield>
    <datafield tag="040" ind1=" " ind2=" ">
      <subfield code="c">SIUNPA</subfield>
    </datafield>
    <datafield tag="041" ind1=" " ind2=" ">
      <subfield code="a">spa</subfield>
    </datafield>
    <datafield tag="044" ind1=" " ind2=" ">
      <subfield code="a">AR</subfield>
    </datafield>
    <datafield tag="080" ind1=" " ind2=" ">
      <subfield code="a">329 R153u</subfield>
    </datafield>
    <datafield tag="100" ind1=" " ind2=" ">
      <subfield code="a">Raimondo, Ezequiel.</subfield>
    </datafield>
    <datafield tag="700" ind1=" " ind2=" ">
      <subfield code="a">Soukiassian, Carlos.</subfield>
    </datafield>
    <datafield tag="245" ind1=" " ind2=" ">
      <subfield code="a">Unión Civica Radical</subfield>
      <subfield code="b"> : contribuciones para un debate necesario</subfield>
    </datafield>
    <datafield tag="250" ind1=" " ind2=" ">
      <subfield code="a">1a ed.</subfield>
    </datafield>
    <datafield tag="260" ind1=" " ind2=" ">
      <subfield code="a">Buenos Aires</subfield>
      <subfield code="b"> : Fundación Arturo Illia para la democracia y la paz</subfield>
      <subfield code="c"> , 1989</subfield>
    </datafield>
    <datafield tag="440" ind1=" " ind2=" ">
      <subfield code="a">Colección pedagogía. Educación crítica</subfield>
      <subfield code="a">Colección razón y política</subfield>
      <subfield code="a">Colección gamma de Orión</subfield>
      <subfield code="a">Fundación Arturo Illia para la democracia y la paz</subfield>
      <subfield code="v">no. 20</subfield>
    </datafield>
    <datafield tag="490" ind1=" " ind2=" ">
      <subfield code="a">Colección pedagogía. Educación crítica</subfield>
      <subfield code="a">Colección razón y política</subfield>
      <subfield code="a">Colección gamma de Orión</subfield>
      <subfield code="a">Fundación Arturo Illia para la democracia y la paz</subfield>
      <subfield code="v">no. 20</subfield>
    </datafield>
    <datafield tag="650" ind1=" " ind2=" ">
      <subfield code="a"> HISTORIA ARGENTINA</subfield>
    </datafield>
    <datafield tag="650" ind1=" " ind2=" ">
      <subfield code="a"> HISTORIA POLITICA</subfield>
    </datafield>
    <datafield tag="650" ind1=" " ind2=" ">
      <subfield code="a"> UNION CIVICA RADICAL</subfield>
    </datafield>
    <datafield tag="650" ind1=" " ind2=" ">
      <subfield code="a"> PARTIDO POLITICO</subfield>
    </datafield>
    <datafield tag="942" ind1=" " ind2=" ">
      <subfield code="c">BK</subfield>
    </datafield>
    <datafield tag="952" ind1=" " ind2=" ">
      <subfield code="a">BIB_RECT</subfield>
      <subfield code="b">BIB_UARG</subfield>
      <subfield code="d">2010-06-04</subfield>
      <subfield code="y">BK</subfield>
      <subfield code="p">05-39572</subfield>
      <subfield code="i">05-39572</subfield>
      <subfield code="g">13</subfield>
      <subfield code="o">329 R153u</subfield>
      <subfield code="e">Donación Municipalidad Río Gallegos</subfield>
      <subfield code="8">CG</subfield>
    </datafield>
  </record>