
  <record>
    <leader>01000aam  22002601a 4500</leader>
    <controlfield tag="001">YPZ92992</controlfield>
    <controlfield tag="003">YPZ</controlfield>
    <controlfield tag="005">201006031423240</controlfield>
    <controlfield tag="008">100603|###########||||||b||||||||||spa|d</controlfield>
    <datafield tag="020" ind1=" " ind2=" ">
      <subfield code="a">9879015711</subfield>
    </datafield>
    <datafield tag="040" ind1=" " ind2=" ">
      <subfield code="c">SIUNPA</subfield>
    </datafield>
    <datafield tag="041" ind1=" " ind2=" ">
      <subfield code="a">spa</subfield>
    </datafield>
    <datafield tag="044" ind1=" " ind2=" ">
      <subfield code="a">AR</subfield>
    </datafield>
    <datafield tag="080" ind1=" " ind2=" ">
      <subfield code="a">821.111(73) H399s</subfield>
    </datafield>
    <datafield tag="100" ind1=" " ind2=" ">
      <subfield code="a">Hawthorne, Nathaniel.</subfield>
    </datafield>
    <datafield tag="245" ind1=" " ind2=" ">
      <subfield code="a">La serpiente en el pecho y otros cuentos</subfield>
    </datafield>
    <datafield tag="260" ind1=" " ind2=" ">
      <subfield code="a">Buenos Aires</subfield>
      <subfield code="b"> : Rei Argentina</subfield>
      <subfield code="c"> , [1996]</subfield>
    </datafield>
    <datafield tag="440" ind1=" " ind2=" ">
      <subfield code="a">Momentos claves de la Historia argentina</subfield>
      <subfield code="a">Serie Desarrollo institucional y reforma del estado</subfield>
      <subfield code="a">Biblioteca Página/12</subfield>
      <subfield code="v">97</subfield>
    </datafield>
    <datafield tag="490" ind1=" " ind2=" ">
      <subfield code="a">Momentos claves de la Historia argentina</subfield>
      <subfield code="a">Serie Desarrollo institucional y reforma del estado</subfield>
      <subfield code="a">Biblioteca Página/12</subfield>
      <subfield code="v">97</subfield>
    </datafield>
    <datafield tag="650" ind1=" " ind2=" ">
      <subfield code="a"> LITERATURA NORTEAMERICANA</subfield>
    </datafield>
    <datafield tag="650" ind1=" " ind2=" ">
      <subfield code="a"> CUENTO</subfield>
    </datafield>
    <datafield tag="505" ind1="0" ind2="0">
      <subfield code="g">p. 29-72</subfield>
      <subfield code="g">- LITERATURA NORTEAMERICANA|- CUENTO</subfield>
      <subfield code="r">Hawthorne, Nathaniel</subfield>
      <subfield code="t">La hija de Rappaccini</subfield>
    </datafield>
    <datafield tag="505" ind1="0" ind2="0">
      <subfield code="g">p. 73-94</subfield>
      <subfield code="g">- LITERATURA NORTEAMERICANA|- CUENTO</subfield>
      <subfield code="r">Hawthorne, Nathaniel</subfield>
      <subfield code="t">El velo negro del ministro. Parábola</subfield>
    </datafield>
    <datafield tag="773" ind1="0" ind2="#">
      <subfield code="a">Hawthorne, Nathaniel</subfield>
      <subfield code="g">- LITERATURA NORTEAMERICANA|- CUENTO</subfield>
      <subfield code="h">p. 29-72</subfield>
      <subfield code="t">La hija de Rappaccini</subfield>
    </datafield>
    <datafield tag="773" ind1="0" ind2="#">
      <subfield code="a">Hawthorne, Nathaniel</subfield>
      <subfield code="g">- LITERATURA NORTEAMERICANA|- CUENTO</subfield>
      <subfield code="h">p. 73-94</subfield>
      <subfield code="t">El velo negro del ministro. Parábola</subfield>
    </datafield>
    <datafield tag="942" ind1=" " ind2=" ">
      <subfield code="c">BK</subfield>
    </datafield>
    <datafield tag="952" ind1=" " ind2=" ">
      <subfield code="a">BIB_RECT</subfield>
      <subfield code="b">BIB_UARG</subfield>
      <subfield code="d">2010-05-05</subfield>
      <subfield code="y">BK</subfield>
      <subfield code="p">05-39305</subfield>
      <subfield code="i">05-39305</subfield>
      <subfield code="g">13</subfield>
      <subfield code="o">821.111(73) H399s</subfield>
      <subfield code="e">Donación Spina, Daniel</subfield>
      <subfield code="8">CG</subfield>
    </datafield>
  </record>