
  <record>
    <leader>01000aam  22002601a 4500</leader>
    <controlfield tag="001">YPZ93001</controlfield>
    <controlfield tag="003">YPZ</controlfield>
    <controlfield tag="005">201006031857170</controlfield>
    <controlfield tag="008">100603|###########||||||b||||||||||spa|d</controlfield>
    <datafield tag="040" ind1=" " ind2=" ">
      <subfield code="c">SIUNPA</subfield>
    </datafield>
    <datafield tag="041" ind1=" " ind2=" ">
      <subfield code="a">spa</subfield>
    </datafield>
    <datafield tag="044" ind1=" " ind2=" ">
      <subfield code="a">AR</subfield>
    </datafield>
    <datafield tag="080" ind1=" " ind2=" ">
      <subfield code="a">908(823.1) I622i</subfield>
    </datafield>
    <datafield tag="110" ind1=" " ind2=" ">
      <subfield code="a">Instituto Nacional de Tecnología Agropecuaria, INTA.</subfield>
    </datafield>
    <datafield tag="710" ind1=" " ind2=" ">
      <subfield code="a">Universidad Nacional de La Pampa.</subfield>
    </datafield>
    <datafield tag="710" ind1=" " ind2=" ">
      <subfield code="a">La Pampa (prov.). Ministerio de Economía y Asuntos Agrarios.</subfield>
    </datafield>
    <datafield tag="245" ind1=" " ind2=" ">
      <subfield code="a">Inventario integrado de los recursos naturales de la provincia de La Pampa</subfield>
      <subfield code="b"> : clima, geomorfología, suelo y vegetación</subfield>
      <subfield code="c"> / Instituto Nacional de Tecnología Agropecuaria, INTA. Unidad de Reconocimiento de Suelos, dir. ; Cano, Eduardo, coord.</subfield>
    </datafield>
    <datafield tag="260" ind1=" " ind2=" ">
      <subfield code="a">Buenos Aires</subfield>
      <subfield code="b"> : Instituto Nacional de Tecnología Agropecuaria, INTA</subfield>
      <subfield code="c"> , 1980</subfield>
    </datafield>
    <datafield tag="300" ind1=" " ind2=" ">
      <subfield code="a">741 p. : </subfield>
      <subfield code="a">xxxi, 380 p. : </subfield>
      <subfield code="a">301 p. : </subfield>
      <subfield code="b">il. ; </subfield>
      <subfield code="a">590 p. : </subfield>
      <subfield code="a">203 p. : </subfield>
      <subfield code="a">387 p. : </subfield>
      <subfield code="b">il. ; </subfield>
      <subfield code="a">494 p. : </subfield>
      <subfield code="a">379 p. : </subfield>
      <subfield code="a">395 p. : </subfield>
      <subfield code="a">240 p. : </subfield>
      <subfield code="a">149 p. : </subfield>
      <subfield code="b">il. ; </subfield>
      <subfield code="a">241 p. : </subfield>
      <subfield code="a">710 p. : </subfield>
      <subfield code="a">222 p. : </subfield>
      <subfield code="b">il. ; </subfield>
      <subfield code="a">xxxii, 430 p. : </subfield>
      <subfield code="b">il. ; </subfield>
      <subfield code="a">xiv, 206 p. : </subfield>
      <subfield code="a">341 p. : </subfield>
      <subfield code="b">il. ; </subfield>
      <subfield code="a">xlviii, [1340] p. en varias paginaciones : </subfield>
      <subfield code="b">il. ; </subfield>
      <subfield code="a">xxi, 264 p. : </subfield>
      <subfield code="b">il. ; </subfield>
      <subfield code="a">xxiii, 179 p. : </subfield>
      <subfield code="b">il. ; </subfield>
      <subfield code="a">xiv, 458 p. : </subfield>
      <subfield code="b">il. ; </subfield>
      <subfield code="a">xxviii, 475 p. : </subfield>
      <subfield code="b">il. ; </subfield>
      <subfield code="a">xvii, 330 p. : </subfield>
      <subfield code="b">il. ; </subfield>
      <subfield code="a">xlvii, 691 p. : </subfield>
      <subfield code="b">il. ; </subfield>
      <subfield code="a">xviii, 798 p. : </subfield>
      <subfield code="b">il. ; </subfield>
      <subfield code="a">xxxii, 591 p. : </subfield>
      <subfield code="b">il. ; </subfield>
      <subfield code="a">ix, 660 p. : </subfield>
      <subfield code="b">il. ; </subfield>
      <subfield code="a">xvi, 319 p. : </subfield>
      <subfield code="b">il. ; </subfield>
      <subfield code="a">xiii, 196 p. : </subfield>
      <subfield code="b">il. ; </subfield>
      <subfield code="a">xiv, 177 p. : </subfield>
      <subfield code="a">337 p. : </subfield>
      <subfield code="a">226 p. : </subfield>
      <subfield code="b">il. ; </subfield>
      <subfield code="a">184 p. : </subfield>
      <subfield code="b">il. ; </subfield>
      <subfield code="a">27 p. : </subfield>
      <subfield code="a">177 p. : </subfield>
      <subfield code="a">xxiv, 1094 p. : </subfield>
      <subfield code="b">il. ; </subfield>
      <subfield code="a">ix, 539 p. : </subfield>
      <subfield code="b">il. ; </subfield>
      <subfield code="a">xviii, 1189 p. : </subfield>
      <subfield code="b">il. ; </subfield>
      <subfield code="a">xvi, 323 p. : </subfield>
      <subfield code="b">il. ; </subfield>
      <subfield code="a">xxii, 345 p. : </subfield>
      <subfield code="b">il. ; </subfield>
      <subfield code="a">xv, 298 p. : </subfield>
      <subfield code="b">il. ; </subfield>
      <subfield code="a">xv, 392 p. : </subfield>
      <subfield code="b">il. ; </subfield>
      <subfield code="a">xxii, 425 p. : </subfield>
      <subfield code="b">il. ; </subfield>
      <subfield code="a">xxviii, 380 p. : </subfield>
      <subfield code="b">il. ; </subfield>
      <subfield code="a">xx, 636 p. : </subfield>
      <subfield code="b">il. ; </subfield>
      <subfield code="a">167 p. : </subfield>
      <subfield code="a">iii, 238 p. : </subfield>
      <subfield code="a">388 p. : </subfield>
      <subfield code="a">xx, 360 p. : </subfield>
      <subfield code="b">il. ; </subfield>
      <subfield code="a">223 p. : </subfield>
      <subfield code="a">226 p. : </subfield>
      <subfield code="b">il. ; </subfield>
      <subfield code="a">viii, 442 p. : </subfield>
      <subfield code="a">2 v. : </subfield>
      <subfield code="a">266 p. : </subfield>
      <subfield code="a">149 p. : </subfield>
      <subfield code="a">116 p. : </subfield>
      <subfield code="a">350 p. : </subfield>
      <subfield code="a">337 p. : </subfield>
      <subfield code="a">317 p. : </subfield>
      <subfield code="a">123 p. : </subfield>
      <subfield code="a">263 p. : </subfield>
      <subfield code="b">il. ; </subfield>
      <subfield code="a">93 p. : </subfield>
      <subfield code="a">v. : </subfield>
      <subfield code="a">252 p. : </subfield>
      <subfield code="b">il. ; </subfield>
      <subfield code="a">80 p. : </subfield>
      <subfield code="a">94 p. : </subfield>
      <subfield code="a">572 p. : </subfield>
      <subfield code="a">298 p. : </subfield>
      <subfield code="a">330 p. : </subfield>
      <subfield code="a">165 p. : </subfield>
      <subfield code="a">574 p. : </subfield>
      <subfield code="a">214 p. : </subfield>
      <subfield code="a">323 p. : </subfield>
      <subfield code="a">xxxiv, 370 p. : </subfield>
      <subfield code="a">105 p. : </subfield>
      <subfield code="a">127 p. : </subfield>
      <subfield code="a">192 p. : </subfield>
      <subfield code="a">93 p. : </subfield>
      <subfield code="a">254 p. : </subfield>
      <subfield code="b">il. ; </subfield>
      <subfield code="a">v. : </subfield>
      <subfield code="b">il. ; </subfield>
      <subfield code="a">220 p. : </subfield>
      <subfield code="b">il. ; </subfield>
      <subfield code="a">v. : </subfield>
      <subfield code="b">il. ; </subfield>
      <subfield code="a">202 p. : </subfield>
      <subfield code="b">il. ; </subfield>
      <subfield code="a">93 p. : </subfield>
      <subfield code="b">il. ; </subfield>
      <subfield code="a">139 p. : </subfield>
      <subfield code="a">93 p. : </subfield>
      <subfield code="a">129 p. : </subfield>
      <subfield code="a">238 p. : </subfield>
      <subfield code="b">il. ; </subfield>
      <subfield code="a">405 p. : </subfield>
      <subfield code="a">267 p. : </subfield>
      <subfield code="a">473 p. : </subfield>
      <subfield code="a">94 p. : </subfield>
      <subfield code="a">93 p. : </subfield>
      <subfield code="a">91 p. : </subfield>
      <subfield code="a">373 p. : </subfield>
      <subfield code="a">190 p. : </subfield>
      <subfield code="a">195 p. : </subfield>
      <subfield code="a">284 p. : </subfield>
      <subfield code="a">182 p. : </subfield>
      <subfield code="a">565 p. : </subfield>
      <subfield code="a">210 p. : </subfield>
      <subfield code="a">158 p. : </subfield>
      <subfield code="b">il. ; </subfield>
      <subfield code="a">99 p. : </subfield>
      <subfield code="a">94 p. : </subfield>
      <subfield code="a">94 p. : </subfield>
      <subfield code="a">94 p. : </subfield>
      <subfield code="a">236 p. : </subfield>
      <subfield code="b">il. ; </subfield>
      <subfield code="a">157 p. : </subfield>
      <subfield code="b">il. ; </subfield>
      <subfield code="a">96 p. : </subfield>
      <subfield code="a">95 p. : </subfield>
      <subfield code="a">493 p. : </subfield>
      <subfield code="b">il. ; </subfield>
      <subfield code="e">5 mapas pleg. en estuche</subfield>
    </datafield>
    <datafield tag="650" ind1=" " ind2=" ">
      <subfield code="a"> GEOMORFOLOGIA  LA PAMPA (ARGENTINA)</subfield>
    </datafield>
    <datafield tag="650" ind1=" " ind2=" ">
      <subfield code="a"> ASPECTOS FISIOGRAFICOS</subfield>
    </datafield>
    <datafield tag="650" ind1=" " ind2=" ">
      <subfield code="a"> VEGETACION </subfield>
    </datafield>
    <datafield tag="650" ind1=" " ind2=" ">
      <subfield code="a"> SUELO</subfield>
    </datafield>
    <datafield tag="650" ind1=" " ind2=" ">
      <subfield code="a"> CLIMA</subfield>
    </datafield>
    <datafield tag="942" ind1=" " ind2=" ">
      <subfield code="c">BK</subfield>
    </datafield>
    <datafield tag="952" ind1=" " ind2=" ">
      <subfield code="a">BIB_RECT</subfield>
      <subfield code="b">BIB_UARG</subfield>
      <subfield code="d">2010-05-05</subfield>
      <subfield code="y">BK</subfield>
      <subfield code="p">05-39276</subfield>
      <subfield code="i">05-39276</subfield>
      <subfield code="g">100</subfield>
      <subfield code="o">908(823.1) I622i</subfield>
      <subfield code="e">Donación Spina, Daniel</subfield>
      <subfield code="8">CG</subfield>
    </datafield>
  </record>