
  <record>
    <leader>01000aam  22002601a 4500</leader>
    <controlfield tag="001">YPZ93015</controlfield>
    <controlfield tag="003">YPZ</controlfield>
    <controlfield tag="005">201006041539430</controlfield>
    <controlfield tag="008">100604|###########||||||b||||||||||spa|d</controlfield>
    <datafield tag="020" ind1=" " ind2=" ">
      <subfield code="a">950737116X</subfield>
    </datafield>
    <datafield tag="040" ind1=" " ind2=" ">
      <subfield code="c">SIUNPA</subfield>
    </datafield>
    <datafield tag="041" ind1=" " ind2=" ">
      <subfield code="a">spa</subfield>
    </datafield>
    <datafield tag="044" ind1=" " ind2=" ">
      <subfield code="a">AR</subfield>
    </datafield>
    <datafield tag="080" ind1=" " ind2=" ">
      <subfield code="a">376 F698s</subfield>
    </datafield>
    <datafield tag="100" ind1=" " ind2=" ">
      <subfield code="a">Forchetti, Laura.</subfield>
    </datafield>
    <datafield tag="245" ind1=" " ind2=" ">
      <subfield code="a">Sobre el puente de Avignon</subfield>
      <subfield code="b"> : una experiencia de integración de niños con síndrome de Down al jardín común</subfield>
      <subfield code="c"> / Díaz Rönner, María Adelia, colección dir.</subfield>
    </datafield>
    <datafield tag="250" ind1=" " ind2=" ">
      <subfield code="a">1a ed.</subfield>
    </datafield>
    <datafield tag="260" ind1=" " ind2=" ">
      <subfield code="a">Buenos Aires</subfield>
      <subfield code="b"> : Libros del Quirquincho</subfield>
      <subfield code="c"> , 1992</subfield>
    </datafield>
    <datafield tag="650" ind1=" " ind2=" ">
      <subfield code="a"> EDUCACION ESPECIAL</subfield>
    </datafield>
    <datafield tag="650" ind1=" " ind2=" ">
      <subfield code="a"> JARDINES DE INFANCIA</subfield>
    </datafield>
    <datafield tag="650" ind1=" " ind2=" ">
      <subfield code="a"> NIÑOS CON RETARDO </subfield>
    </datafield>
    <datafield tag="650" ind1=" " ind2=" ">
      <subfield code="a"> SINDROME DE DOWN</subfield>
    </datafield>
    <datafield tag="650" ind1=" " ind2=" ">
      <subfield code="a"> INTEGRACION ESCOLAR</subfield>
    </datafield>
    <datafield tag="942" ind1=" " ind2=" ">
      <subfield code="c">BK</subfield>
    </datafield>
    <datafield tag="952" ind1=" " ind2=" ">
      <subfield code="a">BIB_RECT</subfield>
      <subfield code="b">BIB_UARG</subfield>
      <subfield code="d">2010-06-04</subfield>
      <subfield code="y">BK</subfield>
      <subfield code="p">05-15795</subfield>
      <subfield code="i">05-15795</subfield>
      <subfield code="g">49</subfield>
      <subfield code="o">376 F698s</subfield>
      <subfield code="e">PRESIUNPA/01</subfield>
      <subfield code="8">CG</subfield>
    </datafield>
    <datafield tag="952" ind1=" " ind2=" ">
      <subfield code="a">BIB_RECT</subfield>
      <subfield code="b">BIB_UARG</subfield>
      <subfield code="d">2010-06-04</subfield>
      <subfield code="y">BK</subfield>
      <subfield code="p">05-15796</subfield>
      <subfield code="i">05-15796</subfield>
      <subfield code="g">49</subfield>
      <subfield code="o">376 F698s</subfield>
      <subfield code="e">PRESIUNPA/01</subfield>
      <subfield code="8">CG</subfield>
    </datafield>
  </record>