
  <record>
    <leader>01000aam  22002601a 4500</leader>
    <controlfield tag="001">YPZ93022</controlfield>
    <controlfield tag="003">YPZ</controlfield>
    <controlfield tag="005">201006071619130</controlfield>
    <controlfield tag="008">100607|###########||||||b||||||||||spa|d</controlfield>
    <datafield tag="020" ind1=" " ind2=" ">
      <subfield code="a">9788483747933</subfield>
    </datafield>
    <datafield tag="040" ind1=" " ind2=" ">
      <subfield code="c">SIUNPA</subfield>
    </datafield>
    <datafield tag="041" ind1=" " ind2=" ">
      <subfield code="a">spa</subfield>
    </datafield>
    <datafield tag="044" ind1=" " ind2=" ">
      <subfield code="a">ES</subfield>
    </datafield>
    <datafield tag="080" ind1=" " ind2=" ">
      <subfield code="a">821.134.2 P371c</subfield>
    </datafield>
    <datafield tag="100" ind1=" " ind2=" ">
      <subfield code="a">Pedrero, Paloma.</subfield>
    </datafield>
    <datafield tag="245" ind1=" " ind2=" ">
      <subfield code="a">Caídos del cielo</subfield>
      <subfield code="c"> / Escabias, Juana, ed. rev. y amp.</subfield>
    </datafield>
    <datafield tag="260" ind1=" " ind2=" ">
      <subfield code="a">Madrid</subfield>
      <subfield code="b"/>
      <subfield code="c"> , 2009</subfield>
    </datafield>
    <datafield tag="440" ind1=" " ind2=" ">
      <subfield code="a">Apuntes / Libros del Quirquincho</subfield>
      <subfield code="a">Colección Sociales</subfield>
      <subfield code="a">Colección el teatro puede</subfield>
      <subfield code="v">no. 1</subfield>
    </datafield>
    <datafield tag="490" ind1=" " ind2=" ">
      <subfield code="a">Apuntes / Libros del Quirquincho</subfield>
      <subfield code="a">Colección Sociales</subfield>
      <subfield code="a">Colección el teatro puede</subfield>
      <subfield code="v">no. 1</subfield>
    </datafield>
    <datafield tag="500" ind1=" " ind2=" ">
      <subfield code="a">I Premio Talía de teatro</subfield>
    </datafield>
    <datafield tag="650" ind1=" " ind2=" ">
      <subfield code="a"> LITERATURA ESPAÑOLA</subfield>
    </datafield>
    <datafield tag="650" ind1=" " ind2=" ">
      <subfield code="a"> TEATRO ESPAÑOL</subfield>
    </datafield>
    <datafield tag="942" ind1=" " ind2=" ">
      <subfield code="c">BK</subfield>
    </datafield>
    <datafield tag="952" ind1=" " ind2=" ">
      <subfield code="a">BIB_RECT</subfield>
      <subfield code="b">BIB_UARG</subfield>
      <subfield code="d">2010-06-07</subfield>
      <subfield code="y">BK</subfield>
      <subfield code="p">05-39589</subfield>
      <subfield code="i">05-39589</subfield>
      <subfield code="g">14</subfield>
      <subfield code="o">821.134.2 P371c</subfield>
      <subfield code="e">Fundación Coca Cola</subfield>
      <subfield code="8">CG</subfield>
    </datafield>
  </record>