
  <record>
    <leader>01000aam  22002601a 4500</leader>
    <controlfield tag="001">YPZ93025</controlfield>
    <controlfield tag="003">YPZ</controlfield>
    <controlfield tag="005">201006081427450</controlfield>
    <controlfield tag="008">100608|###########||||||b||||||||||spa|d</controlfield>
    <datafield tag="020" ind1=" " ind2=" ">
      <subfield code="a">9789507101205</subfield>
    </datafield>
    <datafield tag="040" ind1=" " ind2=" ">
      <subfield code="c">SIUNPA</subfield>
    </datafield>
    <datafield tag="041" ind1=" " ind2=" ">
      <subfield code="a">spa</subfield>
    </datafield>
    <datafield tag="044" ind1=" " ind2=" ">
      <subfield code="a">AR</subfield>
    </datafield>
    <datafield tag="080" ind1=" " ind2=" ">
      <subfield code="a">347.161 S181s</subfield>
    </datafield>
    <datafield tag="245" ind1=" " ind2=" ">
      <subfield code="a">Salud mental y derechos humanos</subfield>
      <subfield code="b"> : vigencia de los estándares internacionales</subfield>
      <subfield code="c"> / Cohen, Hugo, comp. técnica ; Criscaut, Andrés, ed. ; Hazrum, Flavio, rev. bibliog.</subfield>
    </datafield>
    <datafield tag="260" ind1=" " ind2=" ">
      <subfield code="a">Buenos Aires</subfield>
      <subfield code="b"> : Organización Panamericana de la Salud</subfield>
      <subfield code="c"> , 2009</subfield>
    </datafield>
    <datafield tag="440" ind1=" " ind2=" ">
      <subfield code="a">Representación OPS/OMS en Argentina</subfield>
      <subfield code="v">65</subfield>
    </datafield>
    <datafield tag="490" ind1=" " ind2=" ">
      <subfield code="a">Representación OPS/OMS en Argentina</subfield>
      <subfield code="v">65</subfield>
    </datafield>
    <datafield tag="650" ind1=" " ind2=" ">
      <subfield code="a"> DERECHOS DE LOS IMPEDIDOS</subfield>
    </datafield>
    <datafield tag="650" ind1=" " ind2=" ">
      <subfield code="a"> LEGISLACION</subfield>
    </datafield>
    <datafield tag="650" ind1=" " ind2=" ">
      <subfield code="a"> SALUD MENTAL </subfield>
    </datafield>
    <datafield tag="650" ind1=" " ind2=" ">
      <subfield code="a"> SALUD PUBLICA</subfield>
    </datafield>
    <datafield tag="650" ind1=" " ind2=" ">
      <subfield code="a"> DERECHOS HUMANOS</subfield>
    </datafield>
    <datafield tag="942" ind1=" " ind2=" ">
      <subfield code="c">BK</subfield>
    </datafield>
    <datafield tag="952" ind1=" " ind2=" ">
      <subfield code="a">BIB_RECT</subfield>
      <subfield code="b">BIB_UACO</subfield>
      <subfield code="d">2013-10-02</subfield>
      <subfield code="y">BK</subfield>
      <subfield code="p">02-45650</subfield>
      <subfield code="i">02-45650</subfield>
      <subfield code="g">60</subfield>
      <subfield code="o">347.161 S181s</subfield>
      <subfield code="e">Donación OPS</subfield>
      <subfield code="8">CG</subfield>
    </datafield>
    <datafield tag="952" ind1=" " ind2=" ">
      <subfield code="a">BIB_RECT</subfield>
      <subfield code="b">BIB_UARG</subfield>
      <subfield code="d">2010-06-08</subfield>
      <subfield code="y">BK</subfield>
      <subfield code="p">05-39574</subfield>
      <subfield code="i">05-39574</subfield>
      <subfield code="g">30</subfield>
      <subfield code="o">347.161 S181s</subfield>
      <subfield code="e">Donación OPS</subfield>
      <subfield code="8">CG</subfield>
    </datafield>
  </record>