
  <record>
    <leader>01000aam  22002601a 4500</leader>
    <controlfield tag="001">YPZ93027</controlfield>
    <controlfield tag="003">YPZ</controlfield>
    <controlfield tag="005">201006081444330</controlfield>
    <controlfield tag="008">100608|###########||||||b||||||||||spa|d</controlfield>
    <datafield tag="020" ind1=" " ind2=" ">
      <subfield code="a">9789507101212</subfield>
    </datafield>
    <datafield tag="040" ind1=" " ind2=" ">
      <subfield code="c">SIUNPA</subfield>
    </datafield>
    <datafield tag="041" ind1=" " ind2=" ">
      <subfield code="a">spa</subfield>
    </datafield>
    <datafield tag="044" ind1=" " ind2=" ">
      <subfield code="a">AR</subfield>
    </datafield>
    <datafield tag="080" ind1=" " ind2=" ">
      <subfield code="a">614.2 A116p</subfield>
    </datafield>
    <datafield tag="100" ind1=" " ind2=" ">
      <subfield code="a">Abadie, Juan Pablo.</subfield>
    </datafield>
    <datafield tag="245" ind1=" " ind2=" ">
      <subfield code="a">Políticas de estado</subfield>
      <subfield code="b"> : participación y salud</subfield>
    </datafield>
    <datafield tag="260" ind1=" " ind2=" ">
      <subfield code="a">Buenos Aires</subfield>
      <subfield code="b"> : Organización Panamericana de la Salud</subfield>
      <subfield code="c"> , 2009</subfield>
    </datafield>
    <datafield tag="440" ind1=" " ind2=" ">
      <subfield code="a">Ensayo / Granica</subfield>
      <subfield code="a">Representación OPS/OMS en Argentina</subfield>
      <subfield code="v">66</subfield>
    </datafield>
    <datafield tag="490" ind1=" " ind2=" ">
      <subfield code="a">Ensayo / Granica</subfield>
      <subfield code="a">Representación OPS/OMS en Argentina</subfield>
      <subfield code="v">66</subfield>
    </datafield>
    <datafield tag="650" ind1=" " ind2=" ">
      <subfield code="a"> SALUD PUBLICA</subfield>
    </datafield>
    <datafield tag="650" ind1=" " ind2=" ">
      <subfield code="a"> POLITICA SANITARIA</subfield>
    </datafield>
    <datafield tag="650" ind1=" " ind2=" ">
      <subfield code="a"> ATENCION MEDICA</subfield>
    </datafield>
    <datafield tag="942" ind1=" " ind2=" ">
      <subfield code="c">BK</subfield>
    </datafield>
    <datafield tag="952" ind1=" " ind2=" ">
      <subfield code="a">BIB_RECT</subfield>
      <subfield code="b">BIB_UACO</subfield>
      <subfield code="d">2013-10-02</subfield>
      <subfield code="y">BK</subfield>
      <subfield code="p">02-45651</subfield>
      <subfield code="i">02-45651</subfield>
      <subfield code="g">40</subfield>
      <subfield code="o">614.2 A116p</subfield>
      <subfield code="e">Donación OPS</subfield>
      <subfield code="8">CG</subfield>
    </datafield>
    <datafield tag="952" ind1=" " ind2=" ">
      <subfield code="a">BIB_RECT</subfield>
      <subfield code="b">BIB_UARG</subfield>
      <subfield code="d">2010-06-08</subfield>
      <subfield code="y">BK</subfield>
      <subfield code="p">05-39573</subfield>
      <subfield code="i">05-39573</subfield>
      <subfield code="g">32</subfield>
      <subfield code="o">614.2 A116p</subfield>
      <subfield code="e">Donación OPS</subfield>
      <subfield code="8">CG</subfield>
    </datafield>
  </record>