
  <record>
    <leader>01000aam  22002601a 4500</leader>
    <controlfield tag="001">YPZ93028</controlfield>
    <controlfield tag="003">YPZ</controlfield>
    <controlfield tag="005">201006081521550</controlfield>
    <controlfield tag="008">100608|###########||||||b||||||||||spa|d</controlfield>
    <datafield tag="020" ind1=" " ind2=" ">
      <subfield code="a">9789871632008</subfield>
    </datafield>
    <datafield tag="040" ind1=" " ind2=" ">
      <subfield code="c">SIUNPA</subfield>
    </datafield>
    <datafield tag="041" ind1=" " ind2=" ">
      <subfield code="a">spa</subfield>
    </datafield>
    <datafield tag="044" ind1=" " ind2=" ">
      <subfield code="a">AR</subfield>
    </datafield>
    <datafield tag="080" ind1=" " ind2=" ">
      <subfield code="a">316.77 L697l</subfield>
    </datafield>
    <datafield tag="245" ind1=" " ind2=" ">
      <subfield code="a">Libro blanco de la prospectiva TIC</subfield>
      <subfield code="b"> : proyecto 2020</subfield>
      <subfield code="c"> / Recalde, Alicia, coord. general ; Marí, Manuel, coord. técnico ; Carri, Ricardo, coord. técnico ; Stivaletta, María Paula, coord. técnica ; Carri, Patricio, coord. técnica ; Baum, Gabriel, coord. ; Artopoulos, Alejandro, coord.</subfield>
    </datafield>
    <datafield tag="260" ind1=" " ind2=" ">
      <subfield code="a">Buenos Aires</subfield>
      <subfield code="b"> : Secretaria de Planeamiento y Políticas, Ministerio de Ciencia, Tecnología e Innovación Productiva</subfield>
      <subfield code="c"> , 2009</subfield>
    </datafield>
    <datafield tag="650" ind1=" " ind2=" ">
      <subfield code="a"> TECNOLOGIA DE LA INFORMACION</subfield>
    </datafield>
    <datafield tag="650" ind1=" " ind2=" ">
      <subfield code="a"> TECNOLOGIA DE LA COMUNICACION</subfield>
    </datafield>
    <datafield tag="942" ind1=" " ind2=" ">
      <subfield code="c">BK</subfield>
    </datafield>
    <datafield tag="952" ind1=" " ind2=" ">
      <subfield code="a">BIB_RECT</subfield>
      <subfield code="b">BIB_UARG</subfield>
      <subfield code="d">2010-06-07</subfield>
      <subfield code="y">BK</subfield>
      <subfield code="p">05-39586</subfield>
      <subfield code="i">05-39586</subfield>
      <subfield code="g">55</subfield>
      <subfield code="o">316.77 L697l</subfield>
      <subfield code="e">Sec. de Plan y Pol. en Ciencia e Innovac</subfield>
      <subfield code="8">CG</subfield>
    </datafield>
  </record>