
  <record>
    <leader>01000aam  22002601a 4500</leader>
    <controlfield tag="001">YPZ93031</controlfield>
    <controlfield tag="003">YPZ</controlfield>
    <controlfield tag="005">201006081608220</controlfield>
    <controlfield tag="008">100608|###########||||||b||||||||||spa|d</controlfield>
    <datafield tag="020" ind1=" " ind2=" ">
      <subfield code="a">9789507101144</subfield>
    </datafield>
    <datafield tag="040" ind1=" " ind2=" ">
      <subfield code="c">SIUNPA</subfield>
    </datafield>
    <datafield tag="041" ind1=" " ind2=" ">
      <subfield code="a">spa</subfield>
    </datafield>
    <datafield tag="044" ind1=" " ind2=" ">
      <subfield code="a">AR</subfield>
    </datafield>
    <datafield tag="080" ind1=" " ind2=" ">
      <subfield code="a">618.146 A778p</subfield>
    </datafield>
    <datafield tag="100" ind1=" " ind2=" ">
      <subfield code="a">Arrossi, Silvina.</subfield>
    </datafield>
    <datafield tag="700" ind1=" " ind2=" ">
      <subfield code="a">Paolino, Melisa.</subfield>
    </datafield>
    <datafield tag="245" ind1=" " ind2=" ">
      <subfield code="a">Proyecto para el mejoramiento del programa de prevención de cáncer de cuello uterino en Argentina</subfield>
      <subfield code="b"> : informe final. Diagnóstico de situación del programa nacional y programas provinciales</subfield>
    </datafield>
    <datafield tag="260" ind1=" " ind2=" ">
      <subfield code="a">Buenos Aires</subfield>
      <subfield code="b"> : Organización Panamericana de la Salud</subfield>
      <subfield code="c"> , 2008</subfield>
    </datafield>
    <datafield tag="440" ind1=" " ind2=" ">
      <subfield code="a">Colección finanzas y negocios</subfield>
      <subfield code="a">Representación OPS/OMS en Argentina</subfield>
      <subfield code="v">64</subfield>
    </datafield>
    <datafield tag="490" ind1=" " ind2=" ">
      <subfield code="a">Colección finanzas y negocios</subfield>
      <subfield code="a">Representación OPS/OMS en Argentina</subfield>
      <subfield code="v">64</subfield>
    </datafield>
    <datafield tag="650" ind1=" " ind2=" ">
      <subfield code="a"> ENFERMEDADES DEL CUELLO UTERINO  CANCER</subfield>
    </datafield>
    <datafield tag="650" ind1=" " ind2=" ">
      <subfield code="a"> ENFERMEDADES GINECOLOGICAS</subfield>
    </datafield>
    <datafield tag="650" ind1=" " ind2=" ">
      <subfield code="a"> ARGENTINA</subfield>
    </datafield>
    <datafield tag="942" ind1=" " ind2=" ">
      <subfield code="c">BK</subfield>
    </datafield>
    <datafield tag="952" ind1=" " ind2=" ">
      <subfield code="a">BIB_RECT</subfield>
      <subfield code="b">BIB_UACO</subfield>
      <subfield code="d">2013-10-02</subfield>
      <subfield code="y">BK</subfield>
      <subfield code="p">02-45649</subfield>
      <subfield code="i">02-45649</subfield>
      <subfield code="g">60</subfield>
      <subfield code="o">618.146 A778p</subfield>
      <subfield code="e">Donación OPS</subfield>
      <subfield code="8">CG</subfield>
    </datafield>
    <datafield tag="952" ind1=" " ind2=" ">
      <subfield code="a">BIB_RECT</subfield>
      <subfield code="b">BIB_UARG</subfield>
      <subfield code="d">2010-06-08</subfield>
      <subfield code="y">BK</subfield>
      <subfield code="p">05-39576</subfield>
      <subfield code="i">05-39576</subfield>
      <subfield code="g">45</subfield>
      <subfield code="o">618.146 A778p</subfield>
      <subfield code="e">Donación OPS</subfield>
      <subfield code="8">CG</subfield>
    </datafield>
  </record>