
  <record>
    <leader>01000aam  22002601a 4500</leader>
    <controlfield tag="001">YPZ93035</controlfield>
    <controlfield tag="003">YPZ</controlfield>
    <controlfield tag="005">201006091420140</controlfield>
    <controlfield tag="008">100609|###########||||||b||||||||||spa|d</controlfield>
    <datafield tag="040" ind1=" " ind2=" ">
      <subfield code="c">SIUNPA</subfield>
    </datafield>
    <datafield tag="041" ind1=" " ind2=" ">
      <subfield code="a">spa</subfield>
    </datafield>
    <datafield tag="044" ind1=" " ind2=" ">
      <subfield code="a">AR</subfield>
    </datafield>
    <datafield tag="080" ind1=" " ind2=" ">
      <subfield code="a">614.2 J828n 7</subfield>
    </datafield>
    <datafield tag="110" ind1=" " ind2=" ">
      <subfield code="a">Jornadas Nacionales de Municipios y Comunidades Saludables Los determinantes de la salud como política pública (7 : 2008 : Buenos Aires).</subfield>
    </datafield>
    <datafield tag="245" ind1=" " ind2=" ">
      <subfield code="a">30 experiencias municipales</subfield>
    </datafield>
    <datafield tag="260" ind1=" " ind2=" ">
      <subfield code="a">Buenos Aires</subfield>
      <subfield code="b"> : Organización Panamericana de la Salud</subfield>
      <subfield code="b"> : Secretaría de Determinantes de la Salud y Relaciones Sanitarias, Subsecretaría de Relaciones Sanitarias e Investigación, Ministerio de Salud</subfield>
      <subfield code="c"> , 2008</subfield>
    </datafield>
    <datafield tag="650" ind1=" " ind2=" ">
      <subfield code="a"> ADMINISTRACION DE LA SALUD PUBLICA</subfield>
    </datafield>
    <datafield tag="650" ind1=" " ind2=" ">
      <subfield code="a"> POLITICA SANITARIA</subfield>
    </datafield>
    <datafield tag="650" ind1=" " ind2=" ">
      <subfield code="a"> SALUD PUBLICA</subfield>
    </datafield>
    <datafield tag="650" ind1=" " ind2=" ">
      <subfield code="a"> ARGENTINA</subfield>
    </datafield>
    <datafield tag="942" ind1=" " ind2=" ">
      <subfield code="c">BK</subfield>
    </datafield>
    <datafield tag="952" ind1=" " ind2=" ">
      <subfield code="a">BIB_RECT</subfield>
      <subfield code="b">BIB_UARG</subfield>
      <subfield code="d">2010-06-09</subfield>
      <subfield code="y">BK</subfield>
      <subfield code="p">05-39579</subfield>
      <subfield code="i">05-39579</subfield>
      <subfield code="g">29</subfield>
      <subfield code="o">614.2 J828n 7</subfield>
      <subfield code="e">Donación OPS</subfield>
      <subfield code="8">CG</subfield>
    </datafield>
  </record>