
  <record>
    <leader>01000aam  22002601a 4500</leader>
    <controlfield tag="001">YPZ93045</controlfield>
    <controlfield tag="003">YPZ</controlfield>
    <controlfield tag="005">201006091802320</controlfield>
    <controlfield tag="008">100609|###########||||||b||||||||||spa|d</controlfield>
    <datafield tag="040" ind1=" " ind2=" ">
      <subfield code="c">SIUNPA</subfield>
    </datafield>
    <datafield tag="041" ind1=" " ind2=" ">
      <subfield code="a">spa</subfield>
    </datafield>
    <datafield tag="044" ind1=" " ind2=" ">
      <subfield code="a">ES</subfield>
    </datafield>
    <datafield tag="080" ind1=" " ind2=" ">
      <subfield code="a">65.013 H859p</subfield>
    </datafield>
    <datafield tag="100" ind1=" " ind2=" ">
      <subfield code="a">Howell, William Carl.</subfield>
    </datafield>
    <datafield tag="245" ind1=" " ind2=" ">
      <subfield code="a">Psicología industrial y organizacional</subfield>
      <subfield code="b"> : sus elementos esenciales</subfield>
      <subfield code="c"> / Rivera Ramìrez, Pedro, tr. ; Burkart, Isabel, rev.</subfield>
    </datafield>
    <datafield tag="260" ind1=" " ind2=" ">
      <subfield code="a">México, D.F.</subfield>
      <subfield code="b"> : El Manual Moderno</subfield>
      <subfield code="c"> , 1979</subfield>
    </datafield>
    <datafield tag="650" ind1=" " ind2=" ">
      <subfield code="a"> PSICOLOGIA DE LAS ORGANIZACIONES</subfield>
    </datafield>
    <datafield tag="650" ind1=" " ind2=" ">
      <subfield code="a"> ORGANIZACION DE LA EMPRESA</subfield>
    </datafield>
    <datafield tag="650" ind1=" " ind2=" ">
      <subfield code="a"> PSICOLOGIA DEL TRABAJO</subfield>
    </datafield>
    <datafield tag="650" ind1=" " ind2=" ">
      <subfield code="a"> RELACIONES SOCIALES</subfield>
    </datafield>
    <datafield tag="942" ind1=" " ind2=" ">
      <subfield code="c">BK</subfield>
    </datafield>
    <datafield tag="952" ind1=" " ind2=" ">
      <subfield code="a">BIB_RECT</subfield>
      <subfield code="b">BIB_UARG</subfield>
      <subfield code="d">2010-06-09</subfield>
      <subfield code="y">BK</subfield>
      <subfield code="p">05-39547</subfield>
      <subfield code="i">05-39547</subfield>
      <subfield code="g">60</subfield>
      <subfield code="o">65.013 H859p</subfield>
      <subfield code="e">Donación Gabrielloni, José Ricardo/08</subfield>
      <subfield code="8">CG</subfield>
    </datafield>
  </record>