
  <record>
    <leader>01000aam  22002601a 4500</leader>
    <controlfield tag="001">YPZ93068</controlfield>
    <controlfield tag="003">YPZ</controlfield>
    <controlfield tag="005">201006141506180</controlfield>
    <controlfield tag="008">100614|###########||||||b||||||||||spa|d</controlfield>
    <datafield tag="020" ind1=" " ind2=" ">
      <subfield code="a">9500808129</subfield>
    </datafield>
    <datafield tag="040" ind1=" " ind2=" ">
      <subfield code="c">SIUNPA</subfield>
    </datafield>
    <datafield tag="041" ind1=" " ind2=" ">
      <subfield code="a">spa</subfield>
    </datafield>
    <datafield tag="044" ind1=" " ind2=" ">
      <subfield code="a">AR</subfield>
    </datafield>
    <datafield tag="080" ind1=" " ind2=" ">
      <subfield code="a">159.97 L888a</subfield>
    </datafield>
    <datafield tag="100" ind1=" " ind2=" ">
      <subfield code="a">Louis, Jean-Marc.</subfield>
    </datafield>
    <datafield tag="245" ind1=" " ind2=" ">
      <subfield code="a">La angustia</subfield>
      <subfield code="b"> : por qué se produce, quiénes la padecen, cómo superarla por la acción</subfield>
      <subfield code="c"> / Sardoy, Cristina, tr.</subfield>
    </datafield>
    <datafield tag="250" ind1=" " ind2=" ">
      <subfield code="a">1a ed.</subfield>
    </datafield>
    <datafield tag="260" ind1=" " ind2=" ">
      <subfield code="a">Buenos Aires</subfield>
      <subfield code="b"> : Atlántida</subfield>
      <subfield code="c"> , 1987</subfield>
    </datafield>
    <datafield tag="650" ind1=" " ind2=" ">
      <subfield code="a"> ANGUSTIA</subfield>
    </datafield>
    <datafield tag="650" ind1=" " ind2=" ">
      <subfield code="a"> PSICOLOGIA DE LA PERSONALIDAD</subfield>
    </datafield>
    <datafield tag="942" ind1=" " ind2=" ">
      <subfield code="c">BK</subfield>
    </datafield>
    <datafield tag="952" ind1=" " ind2=" ">
      <subfield code="a">BIB_RECT</subfield>
      <subfield code="b">BIB_UARG</subfield>
      <subfield code="d">2010-06-14</subfield>
      <subfield code="y">BK</subfield>
      <subfield code="p">05-39526</subfield>
      <subfield code="i">05-39526</subfield>
      <subfield code="g">20</subfield>
      <subfield code="o">159.97 L888a</subfield>
      <subfield code="e">Donación Gabrielloni, José Ricardo/08</subfield>
      <subfield code="8">CG</subfield>
    </datafield>
  </record>