
  <record>
    <leader>01000aam  22002601a 4500</leader>
    <controlfield tag="001">YPZ93088</controlfield>
    <controlfield tag="003">YPZ</controlfield>
    <controlfield tag="005">201006151729490</controlfield>
    <controlfield tag="008">100615|###########||||||b||||||||||spa|d</controlfield>
    <datafield tag="020" ind1=" " ind2=" ">
      <subfield code="a">8420758000</subfield>
    </datafield>
    <datafield tag="040" ind1=" " ind2=" ">
      <subfield code="c">SIUNPA</subfield>
    </datafield>
    <datafield tag="041" ind1=" " ind2=" ">
      <subfield code="a">spa</subfield>
    </datafield>
    <datafield tag="044" ind1=" " ind2=" ">
      <subfield code="a">ES</subfield>
    </datafield>
    <datafield tag="080" ind1=" " ind2=" ">
      <subfield code="a">51(075) M425ma 1</subfield>
    </datafield>
    <datafield tag="100" ind1=" " ind2=" ">
      <subfield code="a">Colera Jiménez, José.</subfield>
    </datafield>
    <datafield tag="700" ind1=" " ind2=" ">
      <subfield code="a">Guzmán Ozamiz, Miguel de.</subfield>
    </datafield>
    <datafield tag="700" ind1=" " ind2=" ">
      <subfield code="a">Bas, María del Carmen.</subfield>
    </datafield>
    <datafield tag="700" ind1=" " ind2=" ">
      <subfield code="a">Gaztelu, Ignacio.</subfield>
    </datafield>
    <datafield tag="700" ind1=" " ind2=" ">
      <subfield code="a">Oliveira, María José.</subfield>
    </datafield>
    <datafield tag="245" ind1=" " ind2=" ">
      <subfield code="a">Matemáticas 1</subfield>
      <subfield code="c"> / Vázquez, Pablo, il.</subfield>
    </datafield>
    <datafield tag="260" ind1=" " ind2=" ">
      <subfield code="a">Madrid</subfield>
      <subfield code="b"> : Anaya</subfield>
      <subfield code="c"> , 1997</subfield>
    </datafield>
    <datafield tag="500" ind1=" " ind2=" ">
      <subfield code="a">Tít. de partida: Bachillerato</subfield>
    </datafield>
    <datafield tag="650" ind1=" " ind2=" ">
      <subfield code="a"> MATEMATICAS (SECUNDARIA)</subfield>
    </datafield>
    <datafield tag="650" ind1=" " ind2=" ">
      <subfield code="a"> ENSEÑANZA DE LAS MATEMATICAS</subfield>
    </datafield>
    <datafield tag="650" ind1=" " ind2=" ">
      <subfield code="a"> LIBROS DE TEXTO </subfield>
    </datafield>
    <datafield tag="650" ind1=" " ind2=" ">
      <subfield code="a"> ENSEÑANZA SECUNDARIA</subfield>
    </datafield>
    <datafield tag="650" ind1=" " ind2=" ">
      <subfield code="a"> EJERCICIOS</subfield>
    </datafield>
    <datafield tag="942" ind1=" " ind2=" ">
      <subfield code="c">BK</subfield>
    </datafield>
    <datafield tag="952" ind1=" " ind2=" ">
      <subfield code="a">BIB_RECT</subfield>
      <subfield code="b">BIB_UARG</subfield>
      <subfield code="d">2010-06-15</subfield>
      <subfield code="y">BK</subfield>
      <subfield code="p">05-11118</subfield>
      <subfield code="i">05-11118</subfield>
      <subfield code="g">59</subfield>
      <subfield code="o">51(075) M425ma 1</subfield>
      <subfield code="e">FOMEC 585</subfield>
      <subfield code="8">CG</subfield>
    </datafield>
    <datafield tag="952" ind1=" " ind2=" ">
      <subfield code="a">BIB_RECT</subfield>
      <subfield code="b">BIB_UARG</subfield>
      <subfield code="d">2010-06-15</subfield>
      <subfield code="y">BK</subfield>
      <subfield code="p">05-11119</subfield>
      <subfield code="i">05-11119</subfield>
      <subfield code="g">59</subfield>
      <subfield code="o">51(075) M425ma 1</subfield>
      <subfield code="e">FOMEC 585</subfield>
      <subfield code="8">CG</subfield>
    </datafield>
    <datafield tag="952" ind1=" " ind2=" ">
      <subfield code="a">BIB_RECT</subfield>
      <subfield code="b">BIB_UARG</subfield>
      <subfield code="d">2010-06-15</subfield>
      <subfield code="y">BK</subfield>
      <subfield code="p">05-11120</subfield>
      <subfield code="i">05-11120</subfield>
      <subfield code="g">59</subfield>
      <subfield code="o">51(075) M425ma 1</subfield>
      <subfield code="e">FOMEC 585</subfield>
      <subfield code="8">CG</subfield>
    </datafield>
    <datafield tag="952" ind1=" " ind2=" ">
      <subfield code="a">BIB_RECT</subfield>
      <subfield code="b">BIB_UARG</subfield>
      <subfield code="d">2010-06-15</subfield>
      <subfield code="y">BK</subfield>
      <subfield code="p">05-11121</subfield>
      <subfield code="i">05-11121</subfield>
      <subfield code="g">59</subfield>
      <subfield code="o">51(075) M425ma 1</subfield>
      <subfield code="e">FOMEC 585</subfield>
      <subfield code="8">CG</subfield>
    </datafield>
    <datafield tag="952" ind1=" " ind2=" ">
      <subfield code="a">BIB_RECT</subfield>
      <subfield code="b">BIB_UARG</subfield>
      <subfield code="d">2010-06-15</subfield>
      <subfield code="y">BK</subfield>
      <subfield code="p">05-11122</subfield>
      <subfield code="i">05-11122</subfield>
      <subfield code="g">59</subfield>
      <subfield code="o">51(075) M425ma 1</subfield>
      <subfield code="e">FOMEC 585</subfield>
      <subfield code="8">CG</subfield>
    </datafield>
    <datafield tag="952" ind1=" " ind2=" ">
      <subfield code="a">BIB_RECT</subfield>
      <subfield code="b">BIB_UARG</subfield>
      <subfield code="d">2010-06-15</subfield>
      <subfield code="y">BK</subfield>
      <subfield code="p">05-11123</subfield>
      <subfield code="i">05-11123</subfield>
      <subfield code="g">59</subfield>
      <subfield code="o">51(075) M425ma 1</subfield>
      <subfield code="e">FOMEC 585</subfield>
      <subfield code="8">CG</subfield>
    </datafield>
    <datafield tag="952" ind1=" " ind2=" ">
      <subfield code="a">BIB_RECT</subfield>
      <subfield code="b">BIB_UARG</subfield>
      <subfield code="d">2010-06-15</subfield>
      <subfield code="y">BK</subfield>
      <subfield code="p">05-11124</subfield>
      <subfield code="i">05-11124</subfield>
      <subfield code="g">59</subfield>
      <subfield code="o">51(075) M425ma 1</subfield>
      <subfield code="e">FOMEC 585</subfield>
      <subfield code="8">CG</subfield>
    </datafield>
    <datafield tag="952" ind1=" " ind2=" ">
      <subfield code="a">BIB_RECT</subfield>
      <subfield code="b">BIB_UARG</subfield>
      <subfield code="d">2010-06-15</subfield>
      <subfield code="y">BK</subfield>
      <subfield code="p">05-11125</subfield>
      <subfield code="i">05-11125</subfield>
      <subfield code="g">59</subfield>
      <subfield code="o">51(075) M425ma 1</subfield>
      <subfield code="e">FOMEC 585</subfield>
      <subfield code="8">CG</subfield>
    </datafield>
    <datafield tag="952" ind1=" " ind2=" ">
      <subfield code="a">BIB_RECT</subfield>
      <subfield code="b">BIB_UARG</subfield>
      <subfield code="d">2010-06-15</subfield>
      <subfield code="y">BK</subfield>
      <subfield code="p">05-11126</subfield>
      <subfield code="i">05-11126</subfield>
      <subfield code="g">59</subfield>
      <subfield code="o">51(075) M425ma 1</subfield>
      <subfield code="e">FOMEC 585</subfield>
      <subfield code="8">CG</subfield>
    </datafield>
    <datafield tag="952" ind1=" " ind2=" ">
      <subfield code="a">BIB_RECT</subfield>
      <subfield code="b">BIB_UARG</subfield>
      <subfield code="d">2010-06-15</subfield>
      <subfield code="y">BK</subfield>
      <subfield code="p">05-11127</subfield>
      <subfield code="i">05-11127</subfield>
      <subfield code="g">59</subfield>
      <subfield code="o">51(075) M425ma 1</subfield>
      <subfield code="e">FOMEC 585</subfield>
      <subfield code="8">CG</subfield>
    </datafield>
    <datafield tag="952" ind1=" " ind2=" ">
      <subfield code="a">BIB_RECT</subfield>
      <subfield code="b">BIB_UARG</subfield>
      <subfield code="d">2010-06-15</subfield>
      <subfield code="y">BK</subfield>
      <subfield code="p">05-11128</subfield>
      <subfield code="i">05-11128</subfield>
      <subfield code="g">59</subfield>
      <subfield code="o">51(075) M425ma 1</subfield>
      <subfield code="e">FOMEC 585</subfield>
      <subfield code="8">CG</subfield>
    </datafield>
    <datafield tag="952" ind1=" " ind2=" ">
      <subfield code="a">BIB_RECT</subfield>
      <subfield code="b">BIB_UARG</subfield>
      <subfield code="d">2010-06-15</subfield>
      <subfield code="y">BK</subfield>
      <subfield code="p">05-11129</subfield>
      <subfield code="i">05-11129</subfield>
      <subfield code="g">59</subfield>
      <subfield code="o">51(075) M425ma 1</subfield>
      <subfield code="e">FOMEC 585</subfield>
      <subfield code="8">CG</subfield>
    </datafield>
    <datafield tag="952" ind1=" " ind2=" ">
      <subfield code="a">BIB_RECT</subfield>
      <subfield code="b">BIB_UARG</subfield>
      <subfield code="d">2010-06-15</subfield>
      <subfield code="y">BK</subfield>
      <subfield code="p">05-11130</subfield>
      <subfield code="i">05-11130</subfield>
      <subfield code="g">59</subfield>
      <subfield code="o">51(075) M425ma 1</subfield>
      <subfield code="e">FOMEC 585</subfield>
      <subfield code="8">CG</subfield>
    </datafield>
    <datafield tag="952" ind1=" " ind2=" ">
      <subfield code="a">BIB_RECT</subfield>
      <subfield code="b">BIB_UARG</subfield>
      <subfield code="d">2010-06-15</subfield>
      <subfield code="y">BK</subfield>
      <subfield code="p">05-11179</subfield>
      <subfield code="i">05-11179</subfield>
      <subfield code="g">59</subfield>
      <subfield code="o">51(075) M425ma 1</subfield>
      <subfield code="e">FOMEC 585</subfield>
      <subfield code="8">CG</subfield>
    </datafield>
    <datafield tag="952" ind1=" " ind2=" ">
      <subfield code="a">BIB_RECT</subfield>
      <subfield code="b">BIB_UARG</subfield>
      <subfield code="d">2010-06-15</subfield>
      <subfield code="y">BK</subfield>
      <subfield code="p">05-11180</subfield>
      <subfield code="i">05-11180</subfield>
      <subfield code="g">59</subfield>
      <subfield code="o">51(075) M425ma 1</subfield>
      <subfield code="e">FOMEC 585</subfield>
      <subfield code="8">CG</subfield>
    </datafield>
    <datafield tag="952" ind1=" " ind2=" ">
      <subfield code="a">BIB_RECT</subfield>
      <subfield code="b">BIB_UARG</subfield>
      <subfield code="d">2010-06-15</subfield>
      <subfield code="y">BK</subfield>
      <subfield code="p">05-11182</subfield>
      <subfield code="i">05-11182</subfield>
      <subfield code="g">59</subfield>
      <subfield code="o">51(075) M425ma 1</subfield>
      <subfield code="e">FOMEC 585</subfield>
      <subfield code="8">CG</subfield>
    </datafield>
    <datafield tag="952" ind1=" " ind2=" ">
      <subfield code="a">BIB_RECT</subfield>
      <subfield code="b">BIB_UARG</subfield>
      <subfield code="d">2010-06-15</subfield>
      <subfield code="y">BK</subfield>
      <subfield code="p">05-11183</subfield>
      <subfield code="i">05-11183</subfield>
      <subfield code="g">59</subfield>
      <subfield code="o">51(075) M425ma 1</subfield>
      <subfield code="e">FOMEC 585</subfield>
      <subfield code="8">CG</subfield>
    </datafield>
    <datafield tag="952" ind1=" " ind2=" ">
      <subfield code="a">BIB_RECT</subfield>
      <subfield code="b">BIB_UARG</subfield>
      <subfield code="d">2010-06-15</subfield>
      <subfield code="y">BK</subfield>
      <subfield code="p">05-11205</subfield>
      <subfield code="i">05-11205</subfield>
      <subfield code="g">59</subfield>
      <subfield code="o">51(075) M425ma 1</subfield>
      <subfield code="e">FOMEC 585</subfield>
      <subfield code="8">CG</subfield>
    </datafield>
  </record>