
  <record>
    <leader>01000aam  22002601a 4500</leader>
    <controlfield tag="001">YPZ93095</controlfield>
    <controlfield tag="003">YPZ</controlfield>
    <controlfield tag="005">201006161643070</controlfield>
    <controlfield tag="008">100616|###########||||||b||||||||||spa|d</controlfield>
    <datafield tag="040" ind1=" " ind2=" ">
      <subfield code="c">SIUNPA</subfield>
    </datafield>
    <datafield tag="041" ind1=" " ind2=" ">
      <subfield code="a">spa</subfield>
    </datafield>
    <datafield tag="044" ind1=" " ind2=" ">
      <subfield code="a">AR</subfield>
    </datafield>
    <datafield tag="080" ind1=" " ind2=" ">
      <subfield code="a">371.333 P949a</subfield>
    </datafield>
    <datafield tag="100" ind1=" " ind2=" ">
      <subfield code="a">Prieto Castillo, Daniel.</subfield>
    </datafield>
    <datafield tag="245" ind1=" " ind2=" ">
      <subfield code="a">Apuntes sobre la imagen y el sonido</subfield>
    </datafield>
    <datafield tag="260" ind1=" " ind2=" ">
      <subfield code="a">Mendoza</subfield>
      <subfield code="b"> : Culturales de Mendoza</subfield>
      <subfield code="c"> , 1994</subfield>
    </datafield>
    <datafield tag="440" ind1=" " ind2=" ">
      <subfield code="a">Humanidades/Historia</subfield>
      <subfield code="a">Sección de lengua y estudios literarios</subfield>
      <subfield code="a">Serie La televisión en la escuela. Colección volver a leer</subfield>
      <subfield code="v">2</subfield>
    </datafield>
    <datafield tag="490" ind1=" " ind2=" ">
      <subfield code="a">Humanidades/Historia</subfield>
      <subfield code="a">Sección de lengua y estudios literarios</subfield>
      <subfield code="a">Serie La televisión en la escuela. Colección volver a leer</subfield>
      <subfield code="v">2</subfield>
    </datafield>
    <datafield tag="650" ind1=" " ind2=" ">
      <subfield code="a"> TELEVISION</subfield>
    </datafield>
    <datafield tag="650" ind1=" " ind2=" ">
      <subfield code="a"> TELEVISION Y ESCUELA</subfield>
    </datafield>
    <datafield tag="650" ind1=" " ind2=" ">
      <subfield code="a"> METODOS DE ENSEÑANZA</subfield>
    </datafield>
    <datafield tag="650" ind1=" " ind2=" ">
      <subfield code="a"> APRENDIZAJE</subfield>
    </datafield>
    <datafield tag="650" ind1=" " ind2=" ">
      <subfield code="a"> PEDAGOGIA</subfield>
    </datafield>
    <datafield tag="942" ind1=" " ind2=" ">
      <subfield code="c">BK</subfield>
    </datafield>
    <datafield tag="952" ind1=" " ind2=" ">
      <subfield code="a">BIB_RECT</subfield>
      <subfield code="b">BIB_UARG</subfield>
      <subfield code="d">2010-06-16</subfield>
      <subfield code="y">BK</subfield>
      <subfield code="p">05-10213</subfield>
      <subfield code="i">05-10213</subfield>
      <subfield code="g">32</subfield>
      <subfield code="o">371.333 P949a</subfield>
      <subfield code="e">Prieto Castillo, Daniel/98</subfield>
      <subfield code="8">CG</subfield>
    </datafield>
  </record>