
  <record>
    <leader>01000aam  22002601a 4500</leader>
    <controlfield tag="001">YPZ93112</controlfield>
    <controlfield tag="003">YPZ</controlfield>
    <controlfield tag="005">201006171740580</controlfield>
    <controlfield tag="008">100617|###########||||||b||||||||||spa|d</controlfield>
    <datafield tag="020" ind1=" " ind2=" ">
      <subfield code="a">9683668550 (o.c.)</subfield>
    </datafield>
    <datafield tag="020" ind1=" " ind2=" ">
      <subfield code="a">9683668569 (v.1)</subfield>
    </datafield>
    <datafield tag="020" ind1=" " ind2=" ">
      <subfield code="a">968367206X (v.2)</subfield>
    </datafield>
    <datafield tag="040" ind1=" " ind2=" ">
      <subfield code="c">SIUNPA</subfield>
    </datafield>
    <datafield tag="041" ind1=" " ind2=" ">
      <subfield code="a">spa</subfield>
    </datafield>
    <datafield tag="044" ind1=" " ind2=" ">
      <subfield code="a">MX</subfield>
    </datafield>
    <datafield tag="080" ind1=" " ind2=" ">
      <subfield code="a">025.4 U588i</subfield>
    </datafield>
    <datafield tag="110" ind1=" " ind2=" ">
      <subfield code="a">Universidad Nacional Autónoma de México. Centro de Estudios sobre la Universidad.</subfield>
    </datafield>
    <datafield tag="245" ind1=" " ind2=" ">
      <subfield code="a">La información en el inicio de la era electrónica</subfield>
    </datafield>
    <datafield tag="250" ind1=" " ind2=" ">
      <subfield code="a">1a ed.</subfield>
    </datafield>
    <datafield tag="260" ind1=" " ind2=" ">
      <subfield code="a">México, D.F.</subfield>
      <subfield code="b"> : Universidad Nacional Autónoma de México. Centro Universitario de Investigaciones Bibliotecológicas</subfield>
      <subfield code="c"> , 1998</subfield>
    </datafield>
    <datafield tag="440" ind1=" " ind2=" ">
      <subfield code="a">Serie comunicación rural</subfield>
      <subfield code="a">Serie comunicación rural</subfield>
      <subfield code="a">Colección diagonal</subfield>
      <subfield code="a">Aula XXI / Santillana</subfield>
      <subfield code="a">Colección el hilo de Ariadna</subfield>
      <subfield code="a">Documentos Página/12</subfield>
      <subfield code="a">Serie monografías</subfield>
      <subfield code="v">25</subfield>
    </datafield>
    <datafield tag="490" ind1=" " ind2=" ">
      <subfield code="a">Serie comunicación rural</subfield>
      <subfield code="a">Serie comunicación rural</subfield>
      <subfield code="a">Colección diagonal</subfield>
      <subfield code="a">Aula XXI / Santillana</subfield>
      <subfield code="a">Colección el hilo de Ariadna</subfield>
      <subfield code="a">Documentos Página/12</subfield>
      <subfield code="a">Serie monografías</subfield>
      <subfield code="v">25</subfield>
    </datafield>
    <datafield tag="650" ind1=" " ind2=" ">
      <subfield code="a"> BIBLIOTECA VIRTUAL  BIBLIOTECONOMIA</subfield>
    </datafield>
    <datafield tag="650" ind1=" " ind2=" ">
      <subfield code="a"> RECUPERACION DE INFORMACION </subfield>
    </datafield>
    <datafield tag="650" ind1=" " ind2=" ">
      <subfield code="a">TESAURO</subfield>
    </datafield>
    <datafield tag="650" ind1=" " ind2=" ">
      <subfield code="a"> SISTEMA DE INFORMACION EN LINEA</subfield>
    </datafield>
    <datafield tag="650" ind1=" " ind2=" ">
      <subfield code="a"> TECNOLOGIA DE LA INFORMACION</subfield>
    </datafield>
    <datafield tag="942" ind1=" " ind2=" ">
      <subfield code="c">BK</subfield>
    </datafield>
    <datafield tag="952" ind1=" " ind2=" ">
      <subfield code="a">BIB_RECT</subfield>
      <subfield code="b">BIB_UARG</subfield>
      <subfield code="d">2010-06-17</subfield>
      <subfield code="y">BK</subfield>
      <subfield code="p">05-13031</subfield>
      <subfield code="i">05-13031</subfield>
      <subfield code="g">59</subfield>
      <subfield code="o">025.4 U588i</subfield>
      <subfield code="e">FOMEC 791</subfield>
      <subfield code="8">CG</subfield>
    </datafield>
    <datafield tag="952" ind1=" " ind2=" ">
      <subfield code="a">BIB_RECT</subfield>
      <subfield code="b">BIB_UARG</subfield>
      <subfield code="d">2010-06-17</subfield>
      <subfield code="y">BK</subfield>
      <subfield code="p">05-13037</subfield>
      <subfield code="i">05-13037</subfield>
      <subfield code="g">59</subfield>
      <subfield code="o">025.4 U588i</subfield>
      <subfield code="e">FOMEC 791</subfield>
      <subfield code="8">CG</subfield>
    </datafield>
  </record>