
  <record>
    <leader>01000aam  22002601a 4500</leader>
    <controlfield tag="001">YPZ93128</controlfield>
    <controlfield tag="003">YPZ</controlfield>
    <controlfield tag="005">201006221742480</controlfield>
    <controlfield tag="008">100622|###########||||||b||||||||||spa|d</controlfield>
    <datafield tag="020" ind1=" " ind2=" ">
      <subfield code="a">968252167X (o.c.)</subfield>
    </datafield>
    <datafield tag="020" ind1=" " ind2=" ">
      <subfield code="a">9682521688 (v.1)</subfield>
    </datafield>
    <datafield tag="020" ind1=" " ind2=" ">
      <subfield code="a">9682521696 (v.2)</subfield>
    </datafield>
    <datafield tag="040" ind1=" " ind2=" ">
      <subfield code="c">SIUNPA</subfield>
    </datafield>
    <datafield tag="041" ind1=" " ind2=" ">
      <subfield code="a">spa</subfield>
    </datafield>
    <datafield tag="044" ind1=" " ind2=" ">
      <subfield code="a">ES</subfield>
    </datafield>
    <datafield tag="080" ind1=" " ind2=" ">
      <subfield code="a">616 P957p13</subfield>
    </datafield>
    <datafield tag="245" ind1=" " ind2=" ">
      <subfield code="a">Principios de medicina interna</subfield>
      <subfield code="b"> : 13a edición</subfield>
      <subfield code="c"> / Isselbacher, Kurt J., ed. ; Braunwald, Eugene, ed. ; Wilson, Jean D., ed. ; Martin, Joseph B., ed. ; Fauci, Anthony S., ed. ; Kasper, Dennis L., ed. ; Agud Aparicio, José Luis, tr. ; Alvarez Baleriola, Isabel, tr. ; Badía Villaseca, Carlos, tr. ; Igea Aznar, Juan Manuel, tr. ; Ladero Quesada, José María, tr. ; Larraz Mora, Elena, tr. ; López Onega, Pedro, tr. ; Miranda Fontes, Mercedes, tr. ; Navascués Benlloch, Ignacio, tr. ; Oñate Cuchet, Juan Manuel, tr. ; Sánchez Creus, Pablo, tr. ; Jaquotot, María Jesús del Sol, rev. técnica ; Hernando Saudan, Angel, rev. técnica ; Mugüerza Pecker, Pablo A., rev. técnica</subfield>
    </datafield>
    <datafield tag="250" ind1=" " ind2=" ">
      <subfield code="a">13a ed. en inglés</subfield>
    </datafield>
    <datafield tag="260" ind1=" " ind2=" ">
      <subfield code="a">Madrid</subfield>
      <subfield code="b"> : McGraw-Hill/Interamericana de España</subfield>
      <subfield code="c"> , 1994</subfield>
    </datafield>
    <datafield tag="500" ind1=" " ind2=" ">
      <subfield code="a">Tít. de partida: Harrison</subfield>
    </datafield>
    <datafield tag="650" ind1=" " ind2=" ">
      <subfield code="a"> MEDICINA</subfield>
    </datafield>
    <datafield tag="650" ind1=" " ind2=" ">
      <subfield code="a"> PATOLOGIA</subfield>
    </datafield>
    <datafield tag="942" ind1=" " ind2=" ">
      <subfield code="c">BK</subfield>
    </datafield>
    <datafield tag="952" ind1=" " ind2=" ">
      <subfield code="a">BIB_RECT</subfield>
      <subfield code="b">BIB_UASJ</subfield>
      <subfield code="d">2010-06-22</subfield>
      <subfield code="y">BK</subfield>
      <subfield code="p">04-39597</subfield>
      <subfield code="i">04-39597</subfield>
      <subfield code="g">220</subfield>
      <subfield code="o">616 P957p13</subfield>
      <subfield code="e">Donación Lic. Villán, Carla</subfield>
      <subfield code="8">CG</subfield>
    </datafield>
    <datafield tag="952" ind1=" " ind2=" ">
      <subfield code="a">BIB_RECT</subfield>
      <subfield code="b">BIB_UASJ</subfield>
      <subfield code="d">2010-06-22</subfield>
      <subfield code="y">BK</subfield>
      <subfield code="p">04-39598</subfield>
      <subfield code="i">04-39598</subfield>
      <subfield code="g">220</subfield>
      <subfield code="o">616 P957p13</subfield>
      <subfield code="e">Donación Lic. Villán, Carla</subfield>
      <subfield code="8">CG</subfield>
    </datafield>
  </record>