
  <record>
    <leader>01000aam  22002601a 4500</leader>
    <controlfield tag="001">YPZ93130</controlfield>
    <controlfield tag="003">YPZ</controlfield>
    <controlfield tag="005">201006221845360</controlfield>
    <controlfield tag="008">100622|###########||||||b||||||||||spa|d</controlfield>
    <datafield tag="020" ind1=" " ind2=" ">
      <subfield code="a">9505180306</subfield>
    </datafield>
    <datafield tag="040" ind1=" " ind2=" ">
      <subfield code="c">SIUNPA</subfield>
    </datafield>
    <datafield tag="041" ind1=" " ind2=" ">
      <subfield code="a">spa</subfield>
    </datafield>
    <datafield tag="044" ind1=" " ind2=" ">
      <subfield code="a">AR</subfield>
    </datafield>
    <datafield tag="080" ind1=" " ind2=" ">
      <subfield code="a">303.6 H996d</subfield>
    </datafield>
    <datafield tag="100" ind1=" " ind2=" ">
      <subfield code="a">Hyman, Herbert.</subfield>
    </datafield>
    <datafield tag="245" ind1=" " ind2=" ">
      <subfield code="a">Diseño y análisis de las encuestas sociales</subfield>
      <subfield code="c"> / Martín y de la Cámara, Pedro, tr. ; Aguerrondo de Rigal, Inés, rev. técnica</subfield>
    </datafield>
    <datafield tag="250" ind1=" " ind2=" ">
      <subfield code="a">1a ed. en castellano, 2a reimpr.</subfield>
    </datafield>
    <datafield tag="260" ind1=" " ind2=" ">
      <subfield code="a">Buenos Aires</subfield>
      <subfield code="b"> : Amorrortu</subfield>
      <subfield code="c"> , 1984</subfield>
    </datafield>
    <datafield tag="650" ind1=" " ind2=" ">
      <subfield code="a"> ENCUESTA</subfield>
    </datafield>
    <datafield tag="650" ind1=" " ind2=" ">
      <subfield code="a"> INVESTIGACION SOCIAL</subfield>
    </datafield>
    <datafield tag="650" ind1=" " ind2=" ">
      <subfield code="a"> ANALISIS DE ENCUESTA</subfield>
    </datafield>
    <datafield tag="942" ind1=" " ind2=" ">
      <subfield code="c">BK</subfield>
    </datafield>
    <datafield tag="952" ind1=" " ind2=" ">
      <subfield code="a">BIB_RECT</subfield>
      <subfield code="b">BIB_UACO</subfield>
      <subfield code="d">2010-06-22</subfield>
      <subfield code="y">BK</subfield>
      <subfield code="p">02-08128</subfield>
      <subfield code="i">02-08128</subfield>
      <subfield code="g">59</subfield>
      <subfield code="o">303.6 H996d</subfield>
      <subfield code="e">FOMEC 585</subfield>
      <subfield code="8">CG</subfield>
    </datafield>
    <datafield tag="952" ind1=" " ind2=" ">
      <subfield code="a">BIB_RECT</subfield>
      <subfield code="b">BIB_UACO</subfield>
      <subfield code="d">2010-06-22</subfield>
      <subfield code="y">BK</subfield>
      <subfield code="p">02-08129</subfield>
      <subfield code="i">02-08129</subfield>
      <subfield code="g">59</subfield>
      <subfield code="o">303.6 H996d</subfield>
      <subfield code="e">FOMEC 585</subfield>
      <subfield code="8">CG</subfield>
    </datafield>
    <datafield tag="952" ind1=" " ind2=" ">
      <subfield code="a">BIB_RECT</subfield>
      <subfield code="b">BIB_UACO</subfield>
      <subfield code="d">2010-06-22</subfield>
      <subfield code="y">BK</subfield>
      <subfield code="p">02-08130</subfield>
      <subfield code="i">02-08130</subfield>
      <subfield code="g">59</subfield>
      <subfield code="o">303.6 H996d</subfield>
      <subfield code="e">FOMEC 585</subfield>
      <subfield code="8">CG</subfield>
    </datafield>
    <datafield tag="952" ind1=" " ind2=" ">
      <subfield code="a">BIB_RECT</subfield>
      <subfield code="b">BIB_UACO</subfield>
      <subfield code="d">2010-06-22</subfield>
      <subfield code="y">BK</subfield>
      <subfield code="p">02-08131</subfield>
      <subfield code="i">02-08131</subfield>
      <subfield code="g">59</subfield>
      <subfield code="o">303.6 H996d</subfield>
      <subfield code="e">FOMEC 585</subfield>
      <subfield code="8">CG</subfield>
    </datafield>
    <datafield tag="952" ind1=" " ind2=" ">
      <subfield code="a">BIB_RECT</subfield>
      <subfield code="b">BIB_UACO</subfield>
      <subfield code="d">2010-06-22</subfield>
      <subfield code="y">BK</subfield>
      <subfield code="p">02-08132</subfield>
      <subfield code="i">02-08132</subfield>
      <subfield code="g">59</subfield>
      <subfield code="o">303.6 H996d</subfield>
      <subfield code="e">FOMEC 585</subfield>
      <subfield code="8">CG</subfield>
    </datafield>
    <datafield tag="952" ind1=" " ind2=" ">
      <subfield code="a">BIB_RECT</subfield>
      <subfield code="b">BIB_UACO</subfield>
      <subfield code="d">2010-06-22</subfield>
      <subfield code="y">BK</subfield>
      <subfield code="p">02-08133</subfield>
      <subfield code="i">02-08133</subfield>
      <subfield code="g">59</subfield>
      <subfield code="o">303.6 H996d</subfield>
      <subfield code="e">FOMEC 585</subfield>
      <subfield code="8">CG</subfield>
    </datafield>
    <datafield tag="952" ind1=" " ind2=" ">
      <subfield code="a">BIB_RECT</subfield>
      <subfield code="b">BIB_UACO</subfield>
      <subfield code="d">2010-06-22</subfield>
      <subfield code="y">BK</subfield>
      <subfield code="p">02-08134</subfield>
      <subfield code="i">02-08134</subfield>
      <subfield code="g">59</subfield>
      <subfield code="o">303.6 H996d</subfield>
      <subfield code="e">FOMEC 585</subfield>
      <subfield code="8">CG</subfield>
    </datafield>
    <datafield tag="952" ind1=" " ind2=" ">
      <subfield code="a">BIB_RECT</subfield>
      <subfield code="b">BIB_UACO</subfield>
      <subfield code="d">2010-06-22</subfield>
      <subfield code="y">BK</subfield>
      <subfield code="p">02-08135</subfield>
      <subfield code="i">02-08135</subfield>
      <subfield code="g">59</subfield>
      <subfield code="o">303.6 H996d</subfield>
      <subfield code="e">FOMEC 585</subfield>
      <subfield code="8">CG</subfield>
    </datafield>
    <datafield tag="952" ind1=" " ind2=" ">
      <subfield code="a">BIB_RECT</subfield>
      <subfield code="b">BIB_UASJ</subfield>
      <subfield code="d">2010-09-08</subfield>
      <subfield code="y">BK</subfield>
      <subfield code="p">04-00120</subfield>
      <subfield code="i">04-00120</subfield>
      <subfield code="g">45</subfield>
      <subfield code="o">303.6 H996d</subfield>
      <subfield code="e">UASJ</subfield>
      <subfield code="8">CG</subfield>
    </datafield>
  </record>