
  <record>
    <leader>01000aam  22002601a 4500</leader>
    <controlfield tag="001">YPZ93146</controlfield>
    <controlfield tag="003">YPZ</controlfield>
    <controlfield tag="005">201006241628380</controlfield>
    <controlfield tag="008">100624|###########||||||b||||||||||spa|d</controlfield>
    <datafield tag="020" ind1=" " ind2=" ">
      <subfield code="a">8475224016</subfield>
    </datafield>
    <datafield tag="040" ind1=" " ind2=" ">
      <subfield code="c">SIUNPA</subfield>
    </datafield>
    <datafield tag="041" ind1=" " ind2=" ">
      <subfield code="a">spa</subfield>
    </datafield>
    <datafield tag="044" ind1=" " ind2=" ">
      <subfield code="a">ES</subfield>
    </datafield>
    <datafield tag="080" ind1=" " ind2=" ">
      <subfield code="a">821.134.2(84) M684c</subfield>
    </datafield>
    <datafield tag="100" ind1=" " ind2=" ">
      <subfield code="a">Mitre, Eduardo.</subfield>
    </datafield>
    <datafield tag="245" ind1=" " ind2=" ">
      <subfield code="a">Camino de cualquier parte</subfield>
    </datafield>
    <datafield tag="260" ind1=" " ind2=" ">
      <subfield code="a">Madrid</subfield>
      <subfield code="b"> : Visor</subfield>
      <subfield code="c"> , 1998</subfield>
    </datafield>
    <datafield tag="440" ind1=" " ind2=" ">
      <subfield code="a">Semana de autor</subfield>
      <subfield code="a">Teatro</subfield>
      <subfield code="a">Teatro</subfield>
      <subfield code="a">Teatro</subfield>
      <subfield code="a">Teatro</subfield>
      <subfield code="a">Teatro</subfield>
      <subfield code="a">Teatro</subfield>
      <subfield code="a">Teatro</subfield>
      <subfield code="a">Teatro</subfield>
      <subfield code="a">Teatro</subfield>
      <subfield code="a">Colección Visor de poesía</subfield>
      <subfield code="v">401</subfield>
    </datafield>
    <datafield tag="490" ind1=" " ind2=" ">
      <subfield code="a">Semana de autor</subfield>
      <subfield code="a">Teatro</subfield>
      <subfield code="a">Teatro</subfield>
      <subfield code="a">Teatro</subfield>
      <subfield code="a">Teatro</subfield>
      <subfield code="a">Teatro</subfield>
      <subfield code="a">Teatro</subfield>
      <subfield code="a">Teatro</subfield>
      <subfield code="a">Teatro</subfield>
      <subfield code="a">Teatro</subfield>
      <subfield code="a">Colección Visor de poesía</subfield>
      <subfield code="v">401</subfield>
    </datafield>
    <datafield tag="650" ind1=" " ind2=" ">
      <subfield code="a"> LITERATURA BOLIVIANA</subfield>
    </datafield>
    <datafield tag="650" ind1=" " ind2=" ">
      <subfield code="a"> POESIA</subfield>
    </datafield>
    <datafield tag="942" ind1=" " ind2=" ">
      <subfield code="c">BK</subfield>
    </datafield>
    <datafield tag="952" ind1=" " ind2=" ">
      <subfield code="a">BIB_RECT</subfield>
      <subfield code="b">BIB_UARG</subfield>
      <subfield code="d">2010-06-24</subfield>
      <subfield code="y">BK</subfield>
      <subfield code="p">05-39369</subfield>
      <subfield code="i">05-39369</subfield>
      <subfield code="g">18</subfield>
      <subfield code="o">821.134.2(84) M684c</subfield>
      <subfield code="e">Donación España</subfield>
      <subfield code="8">CG</subfield>
    </datafield>
  </record>