
  <record>
    <leader>01000aam  22002601a 4500</leader>
    <controlfield tag="001">YPZ93157</controlfield>
    <controlfield tag="003">YPZ</controlfield>
    <controlfield tag="005">201006281448560</controlfield>
    <controlfield tag="008">100628|###########||||||b||||||||||spa|d</controlfield>
    <datafield tag="020" ind1=" " ind2=" ">
      <subfield code="a">847328392</subfield>
    </datafield>
    <datafield tag="040" ind1=" " ind2=" ">
      <subfield code="c">SIUNPA</subfield>
    </datafield>
    <datafield tag="041" ind1=" " ind2=" ">
      <subfield code="a">spa</subfield>
    </datafield>
    <datafield tag="044" ind1=" " ind2=" ">
      <subfield code="a">ES</subfield>
    </datafield>
    <datafield tag="080" ind1=" " ind2=" ">
      <subfield code="a">821.134.2(728.7)</subfield>
    </datafield>
    <datafield tag="100" ind1=" " ind2=" ">
      <subfield code="a">Jurado, Ramón H..</subfield>
    </datafield>
    <datafield tag="245" ind1=" " ind2=" ">
      <subfield code="a">Desertores</subfield>
      <subfield code="c"> / Rodríguez Coronel, Rogelio, pról.</subfield>
    </datafield>
    <datafield tag="260" ind1=" " ind2=" ">
      <subfield code="a">Madrid</subfield>
      <subfield code="b"> : Ediciones de Cultura Hispánica</subfield>
      <subfield code="c"> , 1999</subfield>
    </datafield>
    <datafield tag="440" ind1=" " ind2=" ">
      <subfield code="a">Semana de autor</subfield>
      <subfield code="a">Semana de autor</subfield>
      <subfield code="a">Semana de autor</subfield>
      <subfield code="a">Biblioteca literaria Iberoamericana y Filipina</subfield>
      <subfield code="a">Semana de autor</subfield>
      <subfield code="a">Biblioteca literaria Iberoamericana y Filipina</subfield>
      <subfield code="v">v. 16</subfield>
    </datafield>
    <datafield tag="490" ind1=" " ind2=" ">
      <subfield code="a">Semana de autor</subfield>
      <subfield code="a">Semana de autor</subfield>
      <subfield code="a">Semana de autor</subfield>
      <subfield code="a">Biblioteca literaria Iberoamericana y Filipina</subfield>
      <subfield code="a">Semana de autor</subfield>
      <subfield code="a">Biblioteca literaria Iberoamericana y Filipina</subfield>
      <subfield code="v">v. 16</subfield>
    </datafield>
    <datafield tag="650" ind1=" " ind2=" ">
      <subfield code="a"> LITERATURA PANAMEÑA</subfield>
    </datafield>
    <datafield tag="650" ind1=" " ind2=" ">
      <subfield code="a"> NOVELA</subfield>
    </datafield>
    <datafield tag="942" ind1=" " ind2=" ">
      <subfield code="c">BK</subfield>
    </datafield>
    <datafield tag="952" ind1=" " ind2=" ">
      <subfield code="a">BIB_RECT</subfield>
      <subfield code="b">BIB_UARG</subfield>
      <subfield code="d">2010-05-07</subfield>
      <subfield code="y">BK</subfield>
      <subfield code="p">05-39382</subfield>
      <subfield code="i">05-39382</subfield>
      <subfield code="g">35</subfield>
      <subfield code="o">821.134.2(728.7)</subfield>
      <subfield code="e">Donación España</subfield>
      <subfield code="8">CG</subfield>
    </datafield>
  </record>