
  <record>
    <leader>01000aam  22002601a 4500</leader>
    <controlfield tag="001">YPZ93175</controlfield>
    <controlfield tag="003">YPZ</controlfield>
    <controlfield tag="005">201006291511330</controlfield>
    <controlfield tag="008">100629|###########||||||b||||||||||spa|d</controlfield>
    <datafield tag="020" ind1=" " ind2=" ">
      <subfield code="a">8472326799</subfield>
    </datafield>
    <datafield tag="040" ind1=" " ind2=" ">
      <subfield code="c">SIUNPA</subfield>
    </datafield>
    <datafield tag="041" ind1=" " ind2=" ">
      <subfield code="a">spa</subfield>
    </datafield>
    <datafield tag="044" ind1=" " ind2=" ">
      <subfield code="a">ES</subfield>
    </datafield>
    <datafield tag="080" ind1=" " ind2=" ">
      <subfield code="a">821.134.2(83) P438r</subfield>
    </datafield>
    <datafield tag="100" ind1=" " ind2=" ">
      <subfield code="a">Pérez Rosales, Vicente.</subfield>
    </datafield>
    <datafield tag="245" ind1=" " ind2=" ">
      <subfield code="a">Recuerdos del pasado</subfield>
      <subfield code="b"> : (1814-1860)</subfield>
      <subfield code="c"> / Calderón Squadritto, Alfonso, pról. y notas</subfield>
    </datafield>
    <datafield tag="260" ind1=" " ind2=" ">
      <subfield code="a">Madrid</subfield>
      <subfield code="b"> : Ediciones de Cultura Hispánica</subfield>
      <subfield code="c"> , 1993</subfield>
    </datafield>
    <datafield tag="440" ind1=" " ind2=" ">
      <subfield code="a">Biblioteca literaria Iberoamericana y Filipina</subfield>
      <subfield code="v">v. 7</subfield>
    </datafield>
    <datafield tag="490" ind1=" " ind2=" ">
      <subfield code="a">Biblioteca literaria Iberoamericana y Filipina</subfield>
      <subfield code="v">v. 7</subfield>
    </datafield>
    <datafield tag="650" ind1=" " ind2=" ">
      <subfield code="a"> LITERATURA CHILENA</subfield>
    </datafield>
    <datafield tag="650" ind1=" " ind2=" ">
      <subfield code="a"> HISTORIA DE CHILE</subfield>
    </datafield>
    <datafield tag="650" ind1=" " ind2=" ">
      <subfield code="a"> SIGLO XIX</subfield>
    </datafield>
    <datafield tag="942" ind1=" " ind2=" ">
      <subfield code="c">BK</subfield>
    </datafield>
    <datafield tag="952" ind1=" " ind2=" ">
      <subfield code="a">BIB_RECT</subfield>
      <subfield code="b">BIB_UARG</subfield>
      <subfield code="d">2010-05-07</subfield>
      <subfield code="y">BK</subfield>
      <subfield code="p">05-39375</subfield>
      <subfield code="i">05-39375</subfield>
      <subfield code="g">88</subfield>
      <subfield code="o">821.134.2(83) P438r</subfield>
      <subfield code="e">Donación España</subfield>
      <subfield code="8">CG</subfield>
    </datafield>
  </record>