
  <record>
    <leader>01000aam  22002601a 4500</leader>
    <controlfield tag="001">YPZ93184</controlfield>
    <controlfield tag="003">YPZ</controlfield>
    <controlfield tag="005">201006301804170</controlfield>
    <controlfield tag="008">100630|###########||||||b||||||||||spa|d</controlfield>
    <datafield tag="020" ind1=" " ind2=" ">
      <subfield code="a">9789872347833</subfield>
    </datafield>
    <datafield tag="040" ind1=" " ind2=" ">
      <subfield code="c">SIUNPA</subfield>
    </datafield>
    <datafield tag="041" ind1=" " ind2=" ">
      <subfield code="a">spa</subfield>
    </datafield>
    <datafield tag="044" ind1=" " ind2=" ">
      <subfield code="a">AR</subfield>
    </datafield>
    <datafield tag="080" ind1=" " ind2=" ">
      <subfield code="a">159.97 C749a 5</subfield>
    </datafield>
    <datafield tag="110" ind1=" " ind2=" ">
      <subfield code="a">Congreso Argentino de Salud Mental (5 : 2010 : Buenos Aires).</subfield>
    </datafield>
    <datafield tag="710" ind1=" " ind2=" ">
      <subfield code="a">Encuentro Interamericano de Salud Mental (5 : 2010 : Buenos Aires).</subfield>
    </datafield>
    <datafield tag="245" ind1=" " ind2=" ">
      <subfield code="a">Trauma, historia y subjetividad</subfield>
      <subfield code="c"> / Trimboli, Alberto, comp. ; Fantin, Juan Carlos, comp. ; Raggi, Silvia, comp. ; Grande, Eduardo, comp. ; Fridman, Pablo, comp. ; Bertran, Gustavo, comp.</subfield>
    </datafield>
    <datafield tag="260" ind1=" " ind2=" ">
      <subfield code="a">Buenos Aires</subfield>
      <subfield code="b"> : Asociación Argentina de Salud Mental, AASM</subfield>
      <subfield code="c"> , 2010</subfield>
    </datafield>
    <datafield tag="500" ind1=" " ind2=" ">
      <subfield code="a">Selección de trabajos presentados en el Quinto Congreso Argentino de Salud Mental</subfield>
    </datafield>
    <datafield tag="650" ind1=" " ind2=" ">
      <subfield code="a"> PSIQUIATRIA</subfield>
    </datafield>
    <datafield tag="650" ind1=" " ind2=" ">
      <subfield code="a"> SALUD MENTAL</subfield>
    </datafield>
    <datafield tag="650" ind1=" " ind2=" ">
      <subfield code="a"> PSICOPATOLOGIA</subfield>
    </datafield>
    <datafield tag="650" ind1=" " ind2=" ">
      <subfield code="a"> PSICOANALISIS</subfield>
    </datafield>
    <datafield tag="650" ind1=" " ind2=" ">
      <subfield code="a"> PSICOLOGIA</subfield>
    </datafield>
    <datafield tag="942" ind1=" " ind2=" ">
      <subfield code="c">BK</subfield>
    </datafield>
    <datafield tag="952" ind1=" " ind2=" ">
      <subfield code="a">BIB_RECT</subfield>
      <subfield code="b">BIB_UASJ</subfield>
      <subfield code="d">2011-02-24</subfield>
      <subfield code="y">BK</subfield>
      <subfield code="p">04-40547</subfield>
      <subfield code="i">04-40547</subfield>
      <subfield code="g">118</subfield>
      <subfield code="o">159.97 C749a 5</subfield>
      <subfield code="e">PI 29/D031</subfield>
      <subfield code="8">CG</subfield>
    </datafield>
    <datafield tag="952" ind1=" " ind2=" ">
      <subfield code="a">BIB_RECT</subfield>
      <subfield code="b">BIB_UARG</subfield>
      <subfield code="d">2010-07-01</subfield>
      <subfield code="y">BK</subfield>
      <subfield code="p">05-39660</subfield>
      <subfield code="i">05-39660</subfield>
      <subfield code="g">100</subfield>
      <subfield code="o">159.97 C749a 5</subfield>
      <subfield code="e">PI 29/A233-1</subfield>
      <subfield code="8">CG</subfield>
    </datafield>
    <datafield tag="952" ind1=" " ind2=" ">
      <subfield code="a">BIB_RECT</subfield>
      <subfield code="b">BIB_UARG</subfield>
      <subfield code="d">2010-07-01</subfield>
      <subfield code="y">BK</subfield>
      <subfield code="p">05-39661</subfield>
      <subfield code="i">05-39661</subfield>
      <subfield code="g">100</subfield>
      <subfield code="o">159.97 C749a 5</subfield>
      <subfield code="e">PI 29/A233-1</subfield>
      <subfield code="8">CG</subfield>
    </datafield>
  </record>