
  <record>
    <leader>01000aam  22002601a 4500</leader>
    <controlfield tag="001">YPZ93218</controlfield>
    <controlfield tag="003">YPZ</controlfield>
    <controlfield tag="005">201007121722430</controlfield>
    <controlfield tag="008">100712|###########||||||b||||||||||spa|d</controlfield>
    <datafield tag="020" ind1=" " ind2=" ">
      <subfield code="a">968365374X</subfield>
    </datafield>
    <datafield tag="040" ind1=" " ind2=" ">
      <subfield code="c">SIUNPA</subfield>
    </datafield>
    <datafield tag="041" ind1=" " ind2=" ">
      <subfield code="a">spa</subfield>
    </datafield>
    <datafield tag="044" ind1=" " ind2=" ">
      <subfield code="a">MX</subfield>
    </datafield>
    <datafield tag="080" ind1=" " ind2=" ">
      <subfield code="a">930.85 J828m5</subfield>
    </datafield>
    <datafield tag="110" ind1=" " ind2=" ">
      <subfield code="a">Jornadas Medievales (5 : 1994 : México, D.F.).</subfield>
    </datafield>
    <datafield tag="710" ind1=" " ind2=" ">
      <subfield code="a">Universidad Nacional Autónoma de México.</subfield>
    </datafield>
    <datafield tag="245" ind1=" " ind2=" ">
      <subfield code="a">Caballeros, monjas y maestros en la edad media</subfield>
      <subfield code="b"> : (actas de las V jornadas medievales)</subfield>
      <subfield code="c"> / Walde, Lillian von der, ed. ; Company, Concepción, ed. ; González, Aurelio, ed.</subfield>
    </datafield>
    <datafield tag="250" ind1=" " ind2=" ">
      <subfield code="a">1a ed.</subfield>
    </datafield>
    <datafield tag="260" ind1=" " ind2=" ">
      <subfield code="a">México, D.F.</subfield>
      <subfield code="b"> : Universidad Nacional Autónoma de México</subfield>
      <subfield code="b"> : El Colegio de México</subfield>
      <subfield code="c"> , 1996</subfield>
    </datafield>
    <datafield tag="440" ind1=" " ind2=" ">
      <subfield code="a">Publicaciones de Medievalia</subfield>
      <subfield code="v">13</subfield>
    </datafield>
    <datafield tag="490" ind1=" " ind2=" ">
      <subfield code="a">Publicaciones de Medievalia</subfield>
      <subfield code="v">13</subfield>
    </datafield>
    <datafield tag="650" ind1=" " ind2=" ">
      <subfield code="a"> HISTORIA CULTURAL</subfield>
    </datafield>
    <datafield tag="650" ind1=" " ind2=" ">
      <subfield code="a"> LITERATURA MEDIEVAL</subfield>
    </datafield>
    <datafield tag="650" ind1=" " ind2=" ">
      <subfield code="a"> ESTUDIOS DE GENERO</subfield>
    </datafield>
    <datafield tag="650" ind1=" " ind2=" ">
      <subfield code="a"> EDAD MEDIA</subfield>
    </datafield>
    <datafield tag="650" ind1=" " ind2=" ">
      <subfield code="a"> EUROPA</subfield>
    </datafield>
    <datafield tag="942" ind1=" " ind2=" ">
      <subfield code="c">BK</subfield>
    </datafield>
    <datafield tag="952" ind1=" " ind2=" ">
      <subfield code="a">BIB_RECT</subfield>
      <subfield code="b">BIB_UASJ</subfield>
      <subfield code="d">2010-07-12</subfield>
      <subfield code="y">BK</subfield>
      <subfield code="p">04-39618</subfield>
      <subfield code="i">04-39618</subfield>
      <subfield code="g">84</subfield>
      <subfield code="o">930.85 J828m5</subfield>
      <subfield code="e">Donación México</subfield>
      <subfield code="8">CG</subfield>
    </datafield>
  </record>