
  <record>
    <leader>01000aam  22002601a 4500</leader>
    <controlfield tag="001">YPZ93230</controlfield>
    <controlfield tag="003">YPZ</controlfield>
    <controlfield tag="005">201007131743420</controlfield>
    <controlfield tag="008">100713|###########||||||b||||||||||spa|d</controlfield>
    <datafield tag="020" ind1=" " ind2=" ">
      <subfield code="a">8420732869</subfield>
    </datafield>
    <datafield tag="040" ind1=" " ind2=" ">
      <subfield code="c">SIUNPA</subfield>
    </datafield>
    <datafield tag="041" ind1=" " ind2=" ">
      <subfield code="a">spa</subfield>
    </datafield>
    <datafield tag="044" ind1=" " ind2=" ">
      <subfield code="a">ES</subfield>
    </datafield>
    <datafield tag="080" ind1=" " ind2=" ">
      <subfield code="a">51 G993ma 1</subfield>
    </datafield>
    <datafield tag="100" ind1=" " ind2=" ">
      <subfield code="a">Guzmán, Miguel de.</subfield>
    </datafield>
    <datafield tag="700" ind1=" " ind2=" ">
      <subfield code="a">Colera, José.</subfield>
    </datafield>
    <datafield tag="245" ind1=" " ind2=" ">
      <subfield code="a">Matemáticas I</subfield>
      <subfield code="b"> : C. O. U. opciones A y B</subfield>
    </datafield>
    <datafield tag="260" ind1=" " ind2=" ">
      <subfield code="a">Madrid</subfield>
      <subfield code="b"> : Anaya</subfield>
      <subfield code="c"> , 1997</subfield>
    </datafield>
    <datafield tag="500" ind1=" " ind2=" ">
      <subfield code="a">El impresión varía según el ejemplar</subfield>
    </datafield>
    <datafield tag="650" ind1=" " ind2=" ">
      <subfield code="a"> MATEMATICA</subfield>
    </datafield>
    <datafield tag="650" ind1=" " ind2=" ">
      <subfield code="a"> GEOMETRIA</subfield>
    </datafield>
    <datafield tag="650" ind1=" " ind2=" ">
      <subfield code="a"> ANALISIS MATEMATICO </subfield>
    </datafield>
    <datafield tag="650" ind1=" " ind2=" ">
      <subfield code="a"> DERIVADAS</subfield>
    </datafield>
    <datafield tag="650" ind1=" " ind2=" ">
      <subfield code="a"> FUNCIONES (MATEMATICAS)</subfield>
    </datafield>
    <datafield tag="650" ind1=" " ind2=" ">
      <subfield code="a"> PROBABILIDAD</subfield>
    </datafield>
    <datafield tag="942" ind1=" " ind2=" ">
      <subfield code="c">BK</subfield>
    </datafield>
    <datafield tag="952" ind1=" " ind2=" ">
      <subfield code="a">BIB_RECT</subfield>
      <subfield code="b">BIB_UACO</subfield>
      <subfield code="d">2011-03-15</subfield>
      <subfield code="y">BK</subfield>
      <subfield code="p">02-03582</subfield>
      <subfield code="i">02-03582</subfield>
      <subfield code="g">80</subfield>
      <subfield code="o">51 G993ma 1</subfield>
      <subfield code="e">Compra UACO</subfield>
      <subfield code="8">CG</subfield>
    </datafield>
    <datafield tag="952" ind1=" " ind2=" ">
      <subfield code="a">BIB_RECT</subfield>
      <subfield code="b">BIB_UARG</subfield>
      <subfield code="d">2010-07-07</subfield>
      <subfield code="y">BK</subfield>
      <subfield code="p">05-11223</subfield>
      <subfield code="i">05-11223</subfield>
      <subfield code="g">55</subfield>
      <subfield code="o">51 G993ma 1</subfield>
      <subfield code="e">FOMEC 585</subfield>
      <subfield code="8">CG</subfield>
    </datafield>
    <datafield tag="952" ind1=" " ind2=" ">
      <subfield code="a">BIB_RECT</subfield>
      <subfield code="b">BIB_UARG</subfield>
      <subfield code="d">2010-07-07</subfield>
      <subfield code="y">BK</subfield>
      <subfield code="p">05-11224</subfield>
      <subfield code="i">05-11224</subfield>
      <subfield code="g">55</subfield>
      <subfield code="o">51 G993ma 1</subfield>
      <subfield code="e">FOMEC 585</subfield>
      <subfield code="8">CG</subfield>
    </datafield>
    <datafield tag="952" ind1=" " ind2=" ">
      <subfield code="a">BIB_RECT</subfield>
      <subfield code="b">BIB_UARG</subfield>
      <subfield code="d">2010-07-07</subfield>
      <subfield code="y">BK</subfield>
      <subfield code="p">05-11225</subfield>
      <subfield code="i">05-11225</subfield>
      <subfield code="g">55</subfield>
      <subfield code="o">51 G993ma 1</subfield>
      <subfield code="e">FOMEC 585</subfield>
      <subfield code="8">CG</subfield>
    </datafield>
    <datafield tag="952" ind1=" " ind2=" ">
      <subfield code="a">BIB_RECT</subfield>
      <subfield code="b">BIB_UARG</subfield>
      <subfield code="d">2010-07-07</subfield>
      <subfield code="y">BK</subfield>
      <subfield code="p">05-11529</subfield>
      <subfield code="i">05-11529</subfield>
      <subfield code="g">55</subfield>
      <subfield code="o">51 G993ma 1</subfield>
      <subfield code="e">FOMEC 585</subfield>
      <subfield code="8">CG</subfield>
    </datafield>
    <datafield tag="952" ind1=" " ind2=" ">
      <subfield code="a">BIB_RECT</subfield>
      <subfield code="b">BIB_UARG</subfield>
      <subfield code="d">2010-07-07</subfield>
      <subfield code="y">BK</subfield>
      <subfield code="p">05-11530</subfield>
      <subfield code="i">05-11530</subfield>
      <subfield code="g">55</subfield>
      <subfield code="o">51 G993ma 1</subfield>
      <subfield code="e">FOMEC 585</subfield>
      <subfield code="8">CG</subfield>
    </datafield>
    <datafield tag="952" ind1=" " ind2=" ">
      <subfield code="a">BIB_RECT</subfield>
      <subfield code="b">BIB_UARG</subfield>
      <subfield code="d">2010-07-07</subfield>
      <subfield code="y">BK</subfield>
      <subfield code="p">05-11531</subfield>
      <subfield code="i">05-11531</subfield>
      <subfield code="g">55</subfield>
      <subfield code="o">51 G993ma 1</subfield>
      <subfield code="e">FOMEC 585</subfield>
      <subfield code="8">CG</subfield>
    </datafield>
    <datafield tag="952" ind1=" " ind2=" ">
      <subfield code="a">BIB_RECT</subfield>
      <subfield code="b">BIB_UARG</subfield>
      <subfield code="d">2010-07-07</subfield>
      <subfield code="y">BK</subfield>
      <subfield code="p">05-11532</subfield>
      <subfield code="i">05-11532</subfield>
      <subfield code="g">55</subfield>
      <subfield code="o">51 G993ma 1</subfield>
      <subfield code="e">FOMEC 585</subfield>
      <subfield code="8">CG</subfield>
    </datafield>
    <datafield tag="952" ind1=" " ind2=" ">
      <subfield code="a">BIB_RECT</subfield>
      <subfield code="b">BIB_UARG</subfield>
      <subfield code="d">2010-07-07</subfield>
      <subfield code="y">BK</subfield>
      <subfield code="p">05-11533</subfield>
      <subfield code="i">05-11533</subfield>
      <subfield code="g">55</subfield>
      <subfield code="o">51 G993ma 1</subfield>
      <subfield code="e">FOMEC 585</subfield>
      <subfield code="8">CG</subfield>
    </datafield>
    <datafield tag="952" ind1=" " ind2=" ">
      <subfield code="a">BIB_RECT</subfield>
      <subfield code="b">BIB_UARG</subfield>
      <subfield code="d">2010-07-07</subfield>
      <subfield code="y">BK</subfield>
      <subfield code="p">05-11534</subfield>
      <subfield code="i">05-11534</subfield>
      <subfield code="g">55</subfield>
      <subfield code="o">51 G993ma 1</subfield>
      <subfield code="e">05-11533</subfield>
      <subfield code="8">CG</subfield>
    </datafield>
    <datafield tag="952" ind1=" " ind2=" ">
      <subfield code="a">BIB_RECT</subfield>
      <subfield code="b">BIB_UARG</subfield>
      <subfield code="d">2010-07-07</subfield>
      <subfield code="y">BK</subfield>
      <subfield code="p">05-11535</subfield>
      <subfield code="i">05-11535</subfield>
      <subfield code="g">55</subfield>
      <subfield code="o">51 G993ma 1</subfield>
      <subfield code="e">FOMEC 585</subfield>
      <subfield code="8">CG</subfield>
    </datafield>
    <datafield tag="952" ind1=" " ind2=" ">
      <subfield code="a">BIB_RECT</subfield>
      <subfield code="b">BIB_UARG</subfield>
      <subfield code="d">2010-07-05</subfield>
      <subfield code="y">BK</subfield>
      <subfield code="p">05-11536</subfield>
      <subfield code="i">05-11536</subfield>
      <subfield code="g">55</subfield>
      <subfield code="o">51 G993ma 1</subfield>
      <subfield code="e">FOMEC 585</subfield>
      <subfield code="8">CG</subfield>
    </datafield>
    <datafield tag="952" ind1=" " ind2=" ">
      <subfield code="a">BIB_RECT</subfield>
      <subfield code="b">BIB_UARG</subfield>
      <subfield code="d">2010-07-07</subfield>
      <subfield code="y">BK</subfield>
      <subfield code="p">05-11537</subfield>
      <subfield code="i">05-11537</subfield>
      <subfield code="g">55</subfield>
      <subfield code="o">51 G993ma 1</subfield>
      <subfield code="e">FOMEC 585</subfield>
      <subfield code="8">CG</subfield>
    </datafield>
    <datafield tag="952" ind1=" " ind2=" ">
      <subfield code="a">BIB_RECT</subfield>
      <subfield code="b">BIB_UARG</subfield>
      <subfield code="d">2010-07-07</subfield>
      <subfield code="y">BK</subfield>
      <subfield code="p">05-11538</subfield>
      <subfield code="i">05-11538</subfield>
      <subfield code="g">55</subfield>
      <subfield code="o">51 G993ma 1</subfield>
      <subfield code="e">FOMEC 585</subfield>
      <subfield code="8">CG</subfield>
    </datafield>
    <datafield tag="952" ind1=" " ind2=" ">
      <subfield code="a">BIB_RECT</subfield>
      <subfield code="b">BIB_UARG</subfield>
      <subfield code="d">2010-07-07</subfield>
      <subfield code="y">BK</subfield>
      <subfield code="p">05-11539</subfield>
      <subfield code="i">05-11539</subfield>
      <subfield code="g">55</subfield>
      <subfield code="o">51 G993ma 1</subfield>
      <subfield code="e">FOMEC 585</subfield>
      <subfield code="8">CG</subfield>
    </datafield>
    <datafield tag="952" ind1=" " ind2=" ">
      <subfield code="a">BIB_RECT</subfield>
      <subfield code="b">BIB_UARG</subfield>
      <subfield code="d">2010-07-07</subfield>
      <subfield code="y">BK</subfield>
      <subfield code="p">05-11540</subfield>
      <subfield code="i">05-11540</subfield>
      <subfield code="g">55</subfield>
      <subfield code="o">51 G993ma 1</subfield>
      <subfield code="e">FOMEC 585</subfield>
      <subfield code="8">CG</subfield>
    </datafield>
    <datafield tag="952" ind1=" " ind2=" ">
      <subfield code="a">BIB_RECT</subfield>
      <subfield code="b">BIB_UARG</subfield>
      <subfield code="d">2010-07-07</subfield>
      <subfield code="y">BK</subfield>
      <subfield code="p">05-11541</subfield>
      <subfield code="i">05-11541</subfield>
      <subfield code="g">55</subfield>
      <subfield code="o">51 G993ma 1</subfield>
      <subfield code="e">FOMEC 585</subfield>
      <subfield code="8">CG</subfield>
    </datafield>
    <datafield tag="952" ind1=" " ind2=" ">
      <subfield code="a">BIB_RECT</subfield>
      <subfield code="b">BIB_UARG</subfield>
      <subfield code="d">2010-07-07</subfield>
      <subfield code="y">BK</subfield>
      <subfield code="p">05-11542</subfield>
      <subfield code="i">05-11542</subfield>
      <subfield code="g">55</subfield>
      <subfield code="o">51 G993ma 1</subfield>
      <subfield code="e">FOMEC 585</subfield>
      <subfield code="8">CG</subfield>
    </datafield>
    <datafield tag="952" ind1=" " ind2=" ">
      <subfield code="a">BIB_RECT</subfield>
      <subfield code="b">BIB_UARG</subfield>
      <subfield code="d">2010-07-07</subfield>
      <subfield code="y">BK</subfield>
      <subfield code="p">05-11543</subfield>
      <subfield code="i">05-11543</subfield>
      <subfield code="g">55</subfield>
      <subfield code="o">51 G993ma 1</subfield>
      <subfield code="e">FOMEC 585</subfield>
      <subfield code="8">CG</subfield>
    </datafield>
    <datafield tag="952" ind1=" " ind2=" ">
      <subfield code="a">BIB_RECT</subfield>
      <subfield code="b">BIB_UARG</subfield>
      <subfield code="d">2011-03-15</subfield>
      <subfield code="y">BK</subfield>
      <subfield code="p">05-40572</subfield>
      <subfield code="i">05-40572</subfield>
      <subfield code="g">135</subfield>
      <subfield code="o">51 G993ma 1</subfield>
      <subfield code="e">Donación</subfield>
      <subfield code="8">CG</subfield>
    </datafield>
  </record>