
  <record>
    <leader>01000aam  22002601a 4500</leader>
    <controlfield tag="001">YPZ93231</controlfield>
    <controlfield tag="003">YPZ</controlfield>
    <controlfield tag="005">201007141420220</controlfield>
    <controlfield tag="008">100714|###########||||||b||||||||||spa|d</controlfield>
    <datafield tag="020" ind1=" " ind2=" ">
      <subfield code="a">8481981354</subfield>
    </datafield>
    <datafield tag="040" ind1=" " ind2=" ">
      <subfield code="c">SIUNPA</subfield>
    </datafield>
    <datafield tag="041" ind1=" " ind2=" ">
      <subfield code="a">spa</subfield>
    </datafield>
    <datafield tag="044" ind1=" " ind2=" ">
      <subfield code="a">ES</subfield>
    </datafield>
    <datafield tag="080" ind1=" " ind2=" ">
      <subfield code="a">364.22 M752a</subfield>
    </datafield>
    <datafield tag="100" ind1=" " ind2=" ">
      <subfield code="a">Monreal, Pilar.</subfield>
    </datafield>
    <datafield tag="245" ind1=" " ind2=" ">
      <subfield code="a">Antropología y pobreza urbana</subfield>
    </datafield>
    <datafield tag="260" ind1=" " ind2=" ">
      <subfield code="a">Madrid</subfield>
      <subfield code="b"> : Los Libros de la Catarata</subfield>
      <subfield code="c"> , 1996</subfield>
    </datafield>
    <datafield tag="650" ind1=" " ind2=" ">
      <subfield code="a"> POBREZA</subfield>
    </datafield>
    <datafield tag="650" ind1=" " ind2=" ">
      <subfield code="a"> POLITICA ECONOMICA</subfield>
    </datafield>
    <datafield tag="650" ind1=" " ind2=" ">
      <subfield code="a"> ANTROPOLOGIA</subfield>
    </datafield>
    <datafield tag="650" ind1=" " ind2=" ">
      <subfield code="a"> ETNOGRAFIA</subfield>
    </datafield>
    <datafield tag="650" ind1=" " ind2=" ">
      <subfield code="a"> ANTROPOLOGIA CULTURAL</subfield>
    </datafield>
    <datafield tag="942" ind1=" " ind2=" ">
      <subfield code="c">BK</subfield>
    </datafield>
    <datafield tag="952" ind1=" " ind2=" ">
      <subfield code="a">BIB_RECT</subfield>
      <subfield code="b">BIB_UACO</subfield>
      <subfield code="d">2010-07-06</subfield>
      <subfield code="y">BK</subfield>
      <subfield code="p">02-05580</subfield>
      <subfield code="i">02-05580</subfield>
      <subfield code="g">35</subfield>
      <subfield code="o">364.22 M752a</subfield>
      <subfield code="e">Desconocido</subfield>
      <subfield code="8">CG</subfield>
    </datafield>
    <datafield tag="952" ind1=" " ind2=" ">
      <subfield code="a">BIB_RECT</subfield>
      <subfield code="b">BIB_UACO</subfield>
      <subfield code="d">2010-07-06</subfield>
      <subfield code="y">BK</subfield>
      <subfield code="p">02-05581</subfield>
      <subfield code="i">02-05581</subfield>
      <subfield code="g">35</subfield>
      <subfield code="o">364.22 M752a</subfield>
      <subfield code="e">Desconocido</subfield>
      <subfield code="8">CG</subfield>
    </datafield>
    <datafield tag="952" ind1=" " ind2=" ">
      <subfield code="a">BIB_RECT</subfield>
      <subfield code="b">BIB_UACO</subfield>
      <subfield code="d">2010-07-07</subfield>
      <subfield code="y">BK</subfield>
      <subfield code="p">02-05582</subfield>
      <subfield code="i">02-05582</subfield>
      <subfield code="g">35</subfield>
      <subfield code="o">364.22 M752a</subfield>
      <subfield code="e">Desconocido</subfield>
      <subfield code="8">CG</subfield>
    </datafield>
    <datafield tag="952" ind1=" " ind2=" ">
      <subfield code="a">BIB_RECT</subfield>
      <subfield code="b">BIB_UACO</subfield>
      <subfield code="d">2010-07-07</subfield>
      <subfield code="y">BK</subfield>
      <subfield code="p">02-05583</subfield>
      <subfield code="i">02-05583</subfield>
      <subfield code="g">35</subfield>
      <subfield code="o">364.22 M752a</subfield>
      <subfield code="e">Desconocido</subfield>
      <subfield code="8">CG</subfield>
    </datafield>
    <datafield tag="952" ind1=" " ind2=" ">
      <subfield code="a">BIB_RECT</subfield>
      <subfield code="b">BIB_UACO</subfield>
      <subfield code="d">2010-07-07</subfield>
      <subfield code="y">BK</subfield>
      <subfield code="p">02-05584</subfield>
      <subfield code="i">02-05584</subfield>
      <subfield code="g">35</subfield>
      <subfield code="o">364.22 M752a</subfield>
      <subfield code="e">Desconocido</subfield>
      <subfield code="8">CG</subfield>
    </datafield>
    <datafield tag="952" ind1=" " ind2=" ">
      <subfield code="a">BIB_RECT</subfield>
      <subfield code="b">BIB_UACO</subfield>
      <subfield code="d">2010-07-07</subfield>
      <subfield code="y">BK</subfield>
      <subfield code="p">02-05585</subfield>
      <subfield code="i">02-05585</subfield>
      <subfield code="g">35</subfield>
      <subfield code="o">364.22 M752a</subfield>
      <subfield code="e">Desconocido</subfield>
      <subfield code="8">CG</subfield>
    </datafield>
    <datafield tag="952" ind1=" " ind2=" ">
      <subfield code="a">BIB_RECT</subfield>
      <subfield code="b">BIB_UACO</subfield>
      <subfield code="d">2010-07-07</subfield>
      <subfield code="y">BK</subfield>
      <subfield code="p">02-05586</subfield>
      <subfield code="i">02-05586</subfield>
      <subfield code="g">35</subfield>
      <subfield code="o">364.22 M752a</subfield>
      <subfield code="e">Desconocido</subfield>
      <subfield code="8">CG</subfield>
    </datafield>
    <datafield tag="952" ind1=" " ind2=" ">
      <subfield code="a">BIB_RECT</subfield>
      <subfield code="b">BIB_UACO</subfield>
      <subfield code="d">2010-07-07</subfield>
      <subfield code="y">BK</subfield>
      <subfield code="p">02-05587</subfield>
      <subfield code="i">02-05587</subfield>
      <subfield code="g">35</subfield>
      <subfield code="o">364.22 M752a</subfield>
      <subfield code="e">Desconocido</subfield>
      <subfield code="8">CG</subfield>
    </datafield>
    <datafield tag="952" ind1=" " ind2=" ">
      <subfield code="a">BIB_RECT</subfield>
      <subfield code="b">BIB_UACO</subfield>
      <subfield code="d">2010-07-07</subfield>
      <subfield code="y">BK</subfield>
      <subfield code="p">02-05588</subfield>
      <subfield code="i">02-05588</subfield>
      <subfield code="g">35</subfield>
      <subfield code="o">364.22 M752a</subfield>
      <subfield code="e">Desconocido</subfield>
      <subfield code="8">CG</subfield>
    </datafield>
    <datafield tag="952" ind1=" " ind2=" ">
      <subfield code="a">BIB_RECT</subfield>
      <subfield code="b">BIB_UACO</subfield>
      <subfield code="d">2010-07-07</subfield>
      <subfield code="y">BK</subfield>
      <subfield code="p">02-05589</subfield>
      <subfield code="i">02-05589</subfield>
      <subfield code="g">35</subfield>
      <subfield code="o">364.22 M752a</subfield>
      <subfield code="e">Desconocido</subfield>
      <subfield code="8">CG</subfield>
    </datafield>
    <datafield tag="952" ind1=" " ind2=" ">
      <subfield code="a">BIB_RECT</subfield>
      <subfield code="b">BIB_UACO</subfield>
      <subfield code="d">2010-07-07</subfield>
      <subfield code="y">BK</subfield>
      <subfield code="p">02-05590</subfield>
      <subfield code="i">02-05590</subfield>
      <subfield code="g">35</subfield>
      <subfield code="o">364.22 M752a</subfield>
      <subfield code="e">Desconocido</subfield>
      <subfield code="8">CG</subfield>
    </datafield>
    <datafield tag="952" ind1=" " ind2=" ">
      <subfield code="a">BIB_RECT</subfield>
      <subfield code="b">BIB_UACO</subfield>
      <subfield code="d">2010-07-07</subfield>
      <subfield code="y">BK</subfield>
      <subfield code="p">02-05591</subfield>
      <subfield code="i">02-05591</subfield>
      <subfield code="g">35</subfield>
      <subfield code="o">364.22 M752a</subfield>
      <subfield code="e">Desconocido</subfield>
      <subfield code="8">CG</subfield>
    </datafield>
    <datafield tag="952" ind1=" " ind2=" ">
      <subfield code="a">BIB_RECT</subfield>
      <subfield code="b">BIB_UACO</subfield>
      <subfield code="d">2010-07-07</subfield>
      <subfield code="y">BK</subfield>
      <subfield code="p">02-05592</subfield>
      <subfield code="i">02-05592</subfield>
      <subfield code="g">35</subfield>
      <subfield code="o">364.22 M752a</subfield>
      <subfield code="e">Desconocido</subfield>
      <subfield code="8">CG</subfield>
    </datafield>
    <datafield tag="952" ind1=" " ind2=" ">
      <subfield code="a">BIB_RECT</subfield>
      <subfield code="b">SAT_TRUN</subfield>
      <subfield code="d">2010-07-07</subfield>
      <subfield code="y">BK</subfield>
      <subfield code="p">10-05593</subfield>
      <subfield code="i">10-05593</subfield>
      <subfield code="g">35</subfield>
      <subfield code="o">364.22 M752a</subfield>
      <subfield code="e">Desconocido</subfield>
      <subfield code="8">CG</subfield>
    </datafield>
  </record>