
  <record>
    <leader>01000aam  22002601a 4500</leader>
    <controlfield tag="001">YPZ93239</controlfield>
    <controlfield tag="003">YPZ</controlfield>
    <controlfield tag="005">201007151814230</controlfield>
    <controlfield tag="008">100715|###########||||||b||||||||||spa|d</controlfield>
    <datafield tag="020" ind1=" " ind2=" ">
      <subfield code="a">9501260534</subfield>
    </datafield>
    <datafield tag="040" ind1=" " ind2=" ">
      <subfield code="c">SIUNPA</subfield>
    </datafield>
    <datafield tag="041" ind1=" " ind2=" ">
      <subfield code="a">spa</subfield>
    </datafield>
    <datafield tag="044" ind1=" " ind2=" ">
      <subfield code="a">AR</subfield>
    </datafield>
    <datafield tag="080" ind1=" " ind2=" ">
      <subfield code="a">159.9.072 K957c</subfield>
    </datafield>
    <datafield tag="100" ind1=" " ind2=" ">
      <subfield code="a">Kuder, G. Federico.</subfield>
    </datafield>
    <datafield tag="245" ind1=" " ind2=" ">
      <subfield code="a">Cuestionario general de intereses</subfield>
      <subfield code="b"> : forma E</subfield>
      <subfield code="c"> / Ares, Delia, tr.</subfield>
    </datafield>
    <datafield tag="260" ind1=" " ind2=" ">
      <subfield code="a">Buenos Aires</subfield>
      <subfield code="b"> : Paidós</subfield>
      <subfield code="c"> , reimpr. 1986</subfield>
    </datafield>
    <datafield tag="300" ind1=" " ind2=" ">
      <subfield code="a">210 p. : </subfield>
      <subfield code="a">230 p. : </subfield>
      <subfield code="a">133 p. : </subfield>
      <subfield code="a">222 p. : </subfield>
      <subfield code="b">il. ; </subfield>
      <subfield code="a">452 p. : </subfield>
      <subfield code="a">x, 398 p. : </subfield>
      <subfield code="b">il. ; </subfield>
      <subfield code="a">xi, 187 p. : </subfield>
      <subfield code="a">486 p. : </subfield>
      <subfield code="a">183 p. : </subfield>
      <subfield code="a">114 p. : </subfield>
      <subfield code="b">il. ; </subfield>
      <subfield code="a">255 p. : </subfield>
      <subfield code="a">193 p. : </subfield>
      <subfield code="a">307 p. : </subfield>
      <subfield code="b">il. ; </subfield>
      <subfield code="a">255 p. : </subfield>
      <subfield code="a">101 p. : </subfield>
      <subfield code="a">76 p. : </subfield>
      <subfield code="b">il. ; </subfield>
      <subfield code="a">132 p. : </subfield>
      <subfield code="b">il. ; </subfield>
      <subfield code="a">126 p. : </subfield>
      <subfield code="b">il. ; </subfield>
      <subfield code="a">139 p. : </subfield>
      <subfield code="a">103 p. : </subfield>
      <subfield code="b">il. ; </subfield>
      <subfield code="a">157 p. : </subfield>
      <subfield code="a">217 p. : </subfield>
      <subfield code="b">il. ; </subfield>
      <subfield code="a">123 p. : </subfield>
      <subfield code="b">il. ; </subfield>
      <subfield code="a">286 p. : </subfield>
      <subfield code="b">il. ; </subfield>
      <subfield code="a">279 p. : </subfield>
      <subfield code="b">il. ; </subfield>
      <subfield code="a">240 p. : </subfield>
      <subfield code="b">il. ; </subfield>
      <subfield code="a">95 p. : </subfield>
      <subfield code="a">214 p. : </subfield>
      <subfield code="a">128 p. : </subfield>
      <subfield code="b">il. ; </subfield>
      <subfield code="a">216 p. : </subfield>
      <subfield code="a">127 p. : </subfield>
      <subfield code="a">139 p. : </subfield>
      <subfield code="b">il. ; </subfield>
      <subfield code="a">127 p. : </subfield>
      <subfield code="b">il. ; </subfield>
      <subfield code="a">v. : </subfield>
      <subfield code="a">117 p. : </subfield>
      <subfield code="a">192 p. : </subfield>
      <subfield code="a">675 p. : </subfield>
      <subfield code="b">il. ; </subfield>
      <subfield code="a">92 p. : </subfield>
      <subfield code="a">92 p. : </subfield>
      <subfield code="a">92 p. : </subfield>
      <subfield code="a">vii, 151 p. : </subfield>
      <subfield code="a">189 p. : </subfield>
      <subfield code="a">423 p. : </subfield>
      <subfield code="b">il. ; </subfield>
      <subfield code="a">142 p. : </subfield>
      <subfield code="a">382 p. : </subfield>
      <subfield code="b">il. ; </subfield>
      <subfield code="a">119 p. : </subfield>
      <subfield code="a">400 p. : </subfield>
      <subfield code="b">il. ; </subfield>
      <subfield code="a">327 p. : </subfield>
      <subfield code="b">il. ; </subfield>
      <subfield code="a">337 p. : </subfield>
      <subfield code="a">128 p. : </subfield>
      <subfield code="b">il. ; </subfield>
      <subfield code="a">4 v. : </subfield>
      <subfield code="a">3 v. : </subfield>
      <subfield code="b">il. ; </subfield>
      <subfield code="a">522 p. : </subfield>
      <subfield code="a">399 p. : </subfield>
      <subfield code="b">il. ; </subfield>
      <subfield code="a">99 p. : </subfield>
      <subfield code="b">il. ; </subfield>
      <subfield code="a">90 p. : </subfield>
      <subfield code="a">84 p. : </subfield>
      <subfield code="b">il. ; </subfield>
      <subfield code="a">446 p. : </subfield>
      <subfield code="b">il. ; </subfield>
      <subfield code="a">84 p. : </subfield>
      <subfield code="b">il. ; </subfield>
      <subfield code="a">116 p. : </subfield>
      <subfield code="a">v. : </subfield>
      <subfield code="a">93 p. : </subfield>
      <subfield code="a">138 p. : </subfield>
      <subfield code="a">51 p. : </subfield>
      <subfield code="a">189 p. : </subfield>
      <subfield code="a">54 p. : </subfield>
      <subfield code="a">239 p. : </subfield>
      <subfield code="a">249 p. : </subfield>
      <subfield code="b">il. ; </subfield>
      <subfield code="a">108 p. : </subfield>
      <subfield code="a">77 p. : </subfield>
      <subfield code="a">2 v. : </subfield>
      <subfield code="b">il. ; </subfield>
      <subfield code="a">246 p. : </subfield>
      <subfield code="a">258 p. : </subfield>
      <subfield code="a">265 p. : </subfield>
      <subfield code="a">652 p. : </subfield>
      <subfield code="a">157 p. : </subfield>
      <subfield code="a">2 v. : </subfield>
      <subfield code="a">542 p. : </subfield>
      <subfield code="a">116 p. : </subfield>
      <subfield code="a">158 p. : </subfield>
      <subfield code="a">147 p. : </subfield>
      <subfield code="a">xii, 786 p. : </subfield>
      <subfield code="b">il. ; </subfield>
      <subfield code="a">2 v. : </subfield>
      <subfield code="a">148 p. : </subfield>
      <subfield code="a">432 p. : </subfield>
      <subfield code="a">2 v. : </subfield>
      <subfield code="b">il. ; </subfield>
      <subfield code="a">326 p. : </subfield>
      <subfield code="b">il. ; </subfield>
      <subfield code="a">531 p. : </subfield>
      <subfield code="b">il. ; </subfield>
      <subfield code="a">373 p. : </subfield>
      <subfield code="a">205 p. : </subfield>
      <subfield code="a">358 p. : </subfield>
      <subfield code="b">il. ; </subfield>
      <subfield code="a">526 p. : </subfield>
      <subfield code="a">147 p. : </subfield>
      <subfield code="a">201 p. : </subfield>
      <subfield code="a">139 p. : </subfield>
      <subfield code="a">128 p. : </subfield>
      <subfield code="a">127 p. : </subfield>
      <subfield code="a">85 p. : </subfield>
      <subfield code="a">134 p. : </subfield>
      <subfield code="a">130 p. : </subfield>
      <subfield code="a">147 p. : </subfield>
      <subfield code="a">141 p. : </subfield>
      <subfield code="a">117 p. : </subfield>
      <subfield code="a">85 p. : </subfield>
      <subfield code="a">83 p. : </subfield>
      <subfield code="a">129 p. : </subfield>
      <subfield code="a">186 p. : </subfield>
      <subfield code="a">182 p. : </subfield>
      <subfield code="a">123 p. : </subfield>
      <subfield code="a">126 p. : </subfield>
      <subfield code="a">119 p. : </subfield>
      <subfield code="a">459 p. : </subfield>
      <subfield code="a">123 p. : </subfield>
      <subfield code="a">232 p. : </subfield>
      <subfield code="a">113 p. : </subfield>
      <subfield code="a">233 p. : </subfield>
      <subfield code="a">151 p. : </subfield>
      <subfield code="a">135 p. : </subfield>
      <subfield code="a">136 p. : </subfield>
      <subfield code="a">64 p. : </subfield>
      <subfield code="a">94 p. : </subfield>
      <subfield code="a">346 p. : </subfield>
      <subfield code="a">xxiv, 364 p. : </subfield>
      <subfield code="a">79 p. : </subfield>
      <subfield code="a">131 p. : </subfield>
      <subfield code="a">195 p. : </subfield>
      <subfield code="a">92 p. : </subfield>
      <subfield code="a">172 p. : </subfield>
      <subfield code="a">171 p. : </subfield>
      <subfield code="a">142 p. : </subfield>
      <subfield code="a">585 p. : </subfield>
      <subfield code="a">587 p. : </subfield>
      <subfield code="a">151 p. : </subfield>
      <subfield code="a">213 p. : </subfield>
      <subfield code="a">301 p. : </subfield>
      <subfield code="b">il. ; </subfield>
      <subfield code="a">273 p. : </subfield>
      <subfield code="b">cuadros ; </subfield>
      <subfield code="a">393 p. : </subfield>
      <subfield code="a">381 p. : </subfield>
      <subfield code="b">il. ; </subfield>
      <subfield code="a">231 p. : </subfield>
      <subfield code="b">il. ; </subfield>
      <subfield code="a">228 p. : </subfield>
      <subfield code="b">il. ; </subfield>
      <subfield code="a">543 p. : </subfield>
      <subfield code="b">il. ; </subfield>
      <subfield code="a">280 p. : </subfield>
      <subfield code="b">il. ; </subfield>
      <subfield code="a">260 p. : </subfield>
      <subfield code="a">279 p. : </subfield>
      <subfield code="a">337 p. : </subfield>
      <subfield code="b">il. ; </subfield>
      <subfield code="a">226 p. : </subfield>
      <subfield code="b">il. ; </subfield>
      <subfield code="a">667 p. : </subfield>
      <subfield code="a">222 p. : </subfield>
      <subfield code="b">il. ; </subfield>
      <subfield code="a">x, 235 p. : </subfield>
      <subfield code="a">xxxi, 410 p. : </subfield>
      <subfield code="b">il. ; </subfield>
      <subfield code="a">570 p. : </subfield>
      <subfield code="a">[279] p., algunas pleg. : </subfield>
      <subfield code="b">il. ; </subfield>
      <subfield code="a">xiv, 535 p. : </subfield>
      <subfield code="a">148 p. : </subfield>
      <subfield code="b">il. ; </subfield>
      <subfield code="a">v. : </subfield>
      <subfield code="b">il. ; </subfield>
      <subfield code="a">609 p. : </subfield>
      <subfield code="a">328 p. : </subfield>
      <subfield code="a">xxxvii, 483 p. : </subfield>
      <subfield code="a">435 p. : </subfield>
      <subfield code="a">446 p. : </subfield>
      <subfield code="b">il. ; </subfield>
      <subfield code="a">242 p. : </subfield>
      <subfield code="b">il. ; </subfield>
      <subfield code="a">377 p. : </subfield>
      <subfield code="b">il. ; </subfield>
      <subfield code="a">302 p. : </subfield>
      <subfield code="b">il. ; </subfield>
      <subfield code="a">387 p. : </subfield>
      <subfield code="b">il. ; </subfield>
      <subfield code="a">x, 601 p. : </subfield>
      <subfield code="a">101 p. : </subfield>
      <subfield code="b">il. ; </subfield>
      <subfield code="a">476 p. : </subfield>
      <subfield code="b">il. ; </subfield>
      <subfield code="a">595 p. : </subfield>
      <subfield code="a">216 p. : </subfield>
      <subfield code="b">cuadros ; </subfield>
      <subfield code="a">69 p. : </subfield>
      <subfield code="a">279 p. : </subfield>
      <subfield code="a">347 p. : </subfield>
      <subfield code="b">il. ; </subfield>
      <subfield code="a">ix, 557 p. : </subfield>
      <subfield code="a">362 p. : </subfield>
      <subfield code="a">308 p. : </subfield>
      <subfield code="a">521 p. : </subfield>
      <subfield code="b">il. ; </subfield>
      <subfield code="a">89 p. : </subfield>
      <subfield code="a">50 p. : </subfield>
      <subfield code="b">il. ; </subfield>
      <subfield code="a">93 p. : </subfield>
      <subfield code="a">441 p. : </subfield>
      <subfield code="a">111 p. : </subfield>
      <subfield code="a">179 p. : </subfield>
      <subfield code="b">il. ; </subfield>
      <subfield code="a">116 p. : </subfield>
      <subfield code="a">91 p. : </subfield>
      <subfield code="a">415 p. : </subfield>
      <subfield code="b">il. ; </subfield>
      <subfield code="a">125 p. : </subfield>
      <subfield code="a">261 p. : </subfield>
      <subfield code="a">xxiv, 676 p. : </subfield>
      <subfield code="b">il. ; </subfield>
      <subfield code="a">149 p. : </subfield>
      <subfield code="a">141 p. : </subfield>
      <subfield code="a">107 p. : </subfield>
      <subfield code="a">1149 p. : </subfield>
      <subfield code="a">392 p. : </subfield>
      <subfield code="b">il. ; </subfield>
      <subfield code="a">70 p. : </subfield>
      <subfield code="b">il. ; </subfield>
      <subfield code="e">1 cuaderno (35 p.)</subfield>
    </datafield>
    <datafield tag="650" ind1=" " ind2=" ">
      <subfield code="a"> TESTS DE INTELIGENCIA</subfield>
    </datafield>
    <datafield tag="650" ind1=" " ind2=" ">
      <subfield code="a"> PSICOMETRIA</subfield>
    </datafield>
    <datafield tag="650" ind1=" " ind2=" ">
      <subfield code="a"> PSICOLOGIA EXPERIMENTAL</subfield>
    </datafield>
    <datafield tag="650" ind1=" " ind2=" ">
      <subfield code="a"> PSICOLOGIA CLINICA</subfield>
    </datafield>
    <datafield tag="650" ind1=" " ind2=" ">
      <subfield code="a"> PSICOLOGIA DE LA EDUCACION</subfield>
    </datafield>
    <datafield tag="942" ind1=" " ind2=" ">
      <subfield code="c">BK</subfield>
    </datafield>
    <datafield tag="952" ind1=" " ind2=" ">
      <subfield code="a">BIB_RECT</subfield>
      <subfield code="b">BIB_UARG</subfield>
      <subfield code="d">2010-07-07</subfield>
      <subfield code="y">BK</subfield>
      <subfield code="p">05-08780</subfield>
      <subfield code="i">05-08780</subfield>
      <subfield code="g">45</subfield>
      <subfield code="o">159.9.072 K957c</subfield>
      <subfield code="e">SUB.NAC/94</subfield>
      <subfield code="8">CG</subfield>
    </datafield>
  </record>