
  <record>
    <leader>01000aam  22002601a 4500</leader>
    <controlfield tag="001">YPZ93247</controlfield>
    <controlfield tag="003">YPZ</controlfield>
    <controlfield tag="005">201008041607360</controlfield>
    <controlfield tag="008">100804|###########||||||b||||||||||spa|d</controlfield>
    <datafield tag="040" ind1=" " ind2=" ">
      <subfield code="c">SIUNPA</subfield>
    </datafield>
    <datafield tag="041" ind1=" " ind2=" ">
      <subfield code="a">spa</subfield>
    </datafield>
    <datafield tag="044" ind1=" " ind2=" ">
      <subfield code="a">AR</subfield>
    </datafield>
    <datafield tag="080" ind1=" " ind2=" ">
      <subfield code="a">630*26 C829c</subfield>
    </datafield>
    <datafield tag="100" ind1=" " ind2=" ">
      <subfield code="a">Peri, Pablo, colab..</subfield>
    </datafield>
    <datafield tag="700" ind1=" " ind2=" ">
      <subfield code="a">Davel, Miguel M..</subfield>
    </datafield>
    <datafield tag="700" ind1=" " ind2=" ">
      <subfield code="a">Fernández, María Victoria.</subfield>
    </datafield>
    <datafield tag="700" ind1=" " ind2=" ">
      <subfield code="a">Gabriel, Juan Carlos.</subfield>
    </datafield>
    <datafield tag="700" ind1=" " ind2=" ">
      <subfield code="a">Heinz, Ernesto.</subfield>
    </datafield>
    <datafield tag="700" ind1=" " ind2=" ">
      <subfield code="a">Hollmann, Daniel.</subfield>
    </datafield>
    <datafield tag="700" ind1=" " ind2=" ">
      <subfield code="a">Robles, Guillermo.</subfield>
    </datafield>
    <datafield tag="700" ind1=" " ind2=" ">
      <subfield code="a">Nuñez, Hugo.</subfield>
    </datafield>
    <datafield tag="700" ind1=" " ind2=" ">
      <subfield code="a">Havrylenko, Sofía.</subfield>
    </datafield>
    <datafield tag="700" ind1=" " ind2=" ">
      <subfield code="a">Alonso, María Virginia.</subfield>
    </datafield>
    <datafield tag="700" ind1=" " ind2=" ">
      <subfield code="a">Monges, Juan.</subfield>
    </datafield>
    <datafield tag="245" ind1=" " ind2=" ">
      <subfield code="a">Cortinas forestales de álamos y sauces en Gobernador Gregores, Santa Cruz</subfield>
      <subfield code="c"> / Picco, Omar, ed.</subfield>
    </datafield>
    <datafield tag="260" ind1=" " ind2=" ">
      <subfield code="a">Esquel</subfield>
      <subfield code="b"> : Centro de Investigación y Extensión Forestal Andino Patagónico, CIEFAP</subfield>
      <subfield code="c"> , [2010?]</subfield>
    </datafield>
    <datafield tag="440" ind1=" " ind2=" ">
      <subfield code="a">Seix Barral. Biblioteca Breve</subfield>
      <subfield code="a">Manual / Centro de Investigación y Extensión Forestal Andino Patagónico</subfield>
      <subfield code="v">11</subfield>
    </datafield>
    <datafield tag="490" ind1=" " ind2=" ">
      <subfield code="a">Seix Barral. Biblioteca Breve</subfield>
      <subfield code="a">Manual / Centro de Investigación y Extensión Forestal Andino Patagónico</subfield>
      <subfield code="v">11</subfield>
    </datafield>
    <datafield tag="500" ind1=" " ind2=" ">
      <subfield code="a">Elaborado por el Proyecto Federal de Innovación Productiva 'Bases para el desarrollo de un proyecto forestal con plantaciones de álamos en el valle irrigado de Gobernador Gregores'</subfield>
    </datafield>
    <datafield tag="650" ind1=" " ind2=" ">
      <subfield code="a"> CORTINAS FORESTALES</subfield>
    </datafield>
    <datafield tag="650" ind1=" " ind2=" ">
      <subfield code="a"> POPULUS </subfield>
    </datafield>
    <datafield tag="650" ind1=" " ind2=" ">
      <subfield code="a"> SALIX</subfield>
    </datafield>
    <datafield tag="650" ind1=" " ind2=" ">
      <subfield code="a"> GOBERNADOR GREGORES (SANTA CRUZ)</subfield>
    </datafield>
    <datafield tag="942" ind1=" " ind2=" ">
      <subfield code="c">BK</subfield>
    </datafield>
    <datafield tag="952" ind1=" " ind2=" ">
      <subfield code="a">BIB_RECT</subfield>
      <subfield code="b">BIB_UARG</subfield>
      <subfield code="d">2010-08-04</subfield>
      <subfield code="y">BK</subfield>
      <subfield code="p">05-39654</subfield>
      <subfield code="i">05-39654</subfield>
      <subfield code="g">39</subfield>
      <subfield code="o">630*26 C829c</subfield>
      <subfield code="e">Donación Davel, Miguel</subfield>
      <subfield code="8">CG</subfield>
    </datafield>
    <datafield tag="952" ind1=" " ind2=" ">
      <subfield code="a">BIB_RECT</subfield>
      <subfield code="b">BIB_UARG</subfield>
      <subfield code="d">2010-08-04</subfield>
      <subfield code="y">BK</subfield>
      <subfield code="p">05-39655</subfield>
      <subfield code="i">05-39655</subfield>
      <subfield code="g">39</subfield>
      <subfield code="o">630*26 C829c</subfield>
      <subfield code="e">Donación Davel, Miguel</subfield>
      <subfield code="8">CG</subfield>
    </datafield>
    <datafield tag="952" ind1=" " ind2=" ">
      <subfield code="a">BIB_RECT</subfield>
      <subfield code="b">BIB_UARG</subfield>
      <subfield code="d">2011-03-14</subfield>
      <subfield code="y">BK</subfield>
      <subfield code="p">05-40589</subfield>
      <subfield code="i">05-40589</subfield>
      <subfield code="g">26</subfield>
      <subfield code="o">630*26 C829c</subfield>
      <subfield code="e">Acuerdo Nº 863</subfield>
      <subfield code="8">CG</subfield>
    </datafield>
    <datafield tag="952" ind1=" " ind2=" ">
      <subfield code="a">BIB_RECT</subfield>
      <subfield code="b">BIB_UARG</subfield>
      <subfield code="d">2011-03-14</subfield>
      <subfield code="y">BK</subfield>
      <subfield code="p">05-40590</subfield>
      <subfield code="i">05-40590</subfield>
      <subfield code="g">26</subfield>
      <subfield code="o">630*26 C829c</subfield>
      <subfield code="e">Acuerdo Nº 863</subfield>
      <subfield code="8">CG</subfield>
    </datafield>
    <datafield tag="952" ind1=" " ind2=" ">
      <subfield code="a">BIB_RECT</subfield>
      <subfield code="b">BIB_UARG</subfield>
      <subfield code="d">2011-03-14</subfield>
      <subfield code="y">BK</subfield>
      <subfield code="p">05-40591</subfield>
      <subfield code="i">05-40591</subfield>
      <subfield code="g">26</subfield>
      <subfield code="o">630*26 C829c</subfield>
      <subfield code="e">Acuerdo Nº 863</subfield>
      <subfield code="8">CG</subfield>
    </datafield>
    <datafield tag="952" ind1=" " ind2=" ">
      <subfield code="a">BIB_RECT</subfield>
      <subfield code="b">BIB_UARG</subfield>
      <subfield code="d">2011-03-14</subfield>
      <subfield code="y">BK</subfield>
      <subfield code="p">05-40592</subfield>
      <subfield code="i">05-40592</subfield>
      <subfield code="g">26</subfield>
      <subfield code="o">630*26 C829c</subfield>
      <subfield code="e">Acuerdo Nº 863</subfield>
      <subfield code="8">CG</subfield>
    </datafield>
  </record>