
  <record>
    <leader>01000aam  22002601a 4500</leader>
    <controlfield tag="001">YPZ93263</controlfield>
    <controlfield tag="003">YPZ</controlfield>
    <controlfield tag="005">201008101457390</controlfield>
    <controlfield tag="008">100810|###########||||||b||||||||||spa|d</controlfield>
    <datafield tag="020" ind1=" " ind2=" ">
      <subfield code="a">8477388423</subfield>
    </datafield>
    <datafield tag="040" ind1=" " ind2=" ">
      <subfield code="c">SIUNPA</subfield>
    </datafield>
    <datafield tag="041" ind1=" " ind2=" ">
      <subfield code="a">spa</subfield>
    </datafield>
    <datafield tag="044" ind1=" " ind2=" ">
      <subfield code="a">ES</subfield>
    </datafield>
    <datafield tag="080" ind1=" " ind2=" ">
      <subfield code="a">159.9.018 C513p</subfield>
    </datafield>
    <datafield tag="100" ind1=" " ind2=" ">
      <subfield code="a">Charazac, Pierre.</subfield>
    </datafield>
    <datafield tag="245" ind1=" " ind2=" ">
      <subfield code="a">Psicoterapia del paciente anciano y su familia</subfield>
      <subfield code="c"> / Corzo, Ana, tr.</subfield>
    </datafield>
    <datafield tag="260" ind1=" " ind2=" ">
      <subfield code="a">Madrid</subfield>
      <subfield code="b"> : Síntesis</subfield>
      <subfield code="c"> , 2001</subfield>
    </datafield>
    <datafield tag="440" ind1=" " ind2=" ">
      <subfield code="a">Colección educación especial</subfield>
      <subfield code="a">Narcea sociocultural</subfield>
      <subfield code="a">Biblioteca de educación infantil</subfield>
      <subfield code="a">Colección Educación para la diversidad</subfield>
      <subfield code="a">Colección Educación para la diversidad</subfield>
      <subfield code="a">Colección Educación para la diversidad</subfield>
      <subfield code="a">Colección Educación para la diversidad</subfield>
      <subfield code="a">Psicoanálisis. Práctica psi</subfield>
      <subfield code="v">3</subfield>
    </datafield>
    <datafield tag="490" ind1=" " ind2=" ">
      <subfield code="a">Colección educación especial</subfield>
      <subfield code="a">Narcea sociocultural</subfield>
      <subfield code="a">Biblioteca de educación infantil</subfield>
      <subfield code="a">Colección Educación para la diversidad</subfield>
      <subfield code="a">Colección Educación para la diversidad</subfield>
      <subfield code="a">Colección Educación para la diversidad</subfield>
      <subfield code="a">Colección Educación para la diversidad</subfield>
      <subfield code="a">Psicoanálisis. Práctica psi</subfield>
      <subfield code="v">3</subfield>
    </datafield>
    <datafield tag="650" ind1=" " ind2=" ">
      <subfield code="a"> PSICOTERAPIA</subfield>
    </datafield>
    <datafield tag="650" ind1=" " ind2=" ">
      <subfield code="a"> PSICOTERAPIA INSTITUCIONAL</subfield>
    </datafield>
    <datafield tag="650" ind1=" " ind2=" ">
      <subfield code="a"> RELACIONES TERAPEUTA </subfield>
    </datafield>
    <datafield tag="650" ind1=" " ind2=" ">
      <subfield code="a"> FAMILIA</subfield>
    </datafield>
    <datafield tag="650" ind1=" " ind2=" ">
      <subfield code="a"> TERAPIA FAMILIAR</subfield>
    </datafield>
    <datafield tag="942" ind1=" " ind2=" ">
      <subfield code="c">BK</subfield>
    </datafield>
    <datafield tag="952" ind1=" " ind2=" ">
      <subfield code="a">BIB_RECT</subfield>
      <subfield code="b">BIB_UACO</subfield>
      <subfield code="d">2010-08-10</subfield>
      <subfield code="y">BK</subfield>
      <subfield code="p">02-07663</subfield>
      <subfield code="i">02-07663</subfield>
      <subfield code="g">84</subfield>
      <subfield code="o">159.9.018 C513p</subfield>
      <subfield code="e">Donación Lic. Aspiroz</subfield>
      <subfield code="8">CG</subfield>
    </datafield>
  </record>