
  <record>
    <leader>01000aam  22002601a 4500</leader>
    <controlfield tag="001">YPZ93264</controlfield>
    <controlfield tag="003">YPZ</controlfield>
    <controlfield tag="005">201008101531330</controlfield>
    <controlfield tag="008">100810|###########||||||b||||||||||spa|d</controlfield>
    <datafield tag="020" ind1=" " ind2=" ">
      <subfield code="a">9688801801</subfield>
    </datafield>
    <datafield tag="040" ind1=" " ind2=" ">
      <subfield code="c">SIUNPA</subfield>
    </datafield>
    <datafield tag="041" ind1=" " ind2=" ">
      <subfield code="a">spa</subfield>
    </datafield>
    <datafield tag="044" ind1=" " ind2=" ">
      <subfield code="a">MX</subfield>
    </datafield>
    <datafield tag="080" ind1=" " ind2=" ">
      <subfield code="a">519.1 R823m2</subfield>
    </datafield>
    <datafield tag="100" ind1=" " ind2=" ">
      <subfield code="a">Ross, Kenneth A..</subfield>
    </datafield>
    <datafield tag="700" ind1=" " ind2=" ">
      <subfield code="a">Wright, Charles R. B..</subfield>
    </datafield>
    <datafield tag="245" ind1=" " ind2=" ">
      <subfield code="a">Matemáticas discretas</subfield>
      <subfield code="c"> / Teresa de Oteyza, María de la Luz de, tr. ; Neymet, Sylvia de, rev. técnica</subfield>
    </datafield>
    <datafield tag="250" ind1=" " ind2=" ">
      <subfield code="a">2a ed.</subfield>
    </datafield>
    <datafield tag="260" ind1=" " ind2=" ">
      <subfield code="a">Naucalpan de Juárez, México</subfield>
      <subfield code="b"> : Prentice-Hall</subfield>
      <subfield code="c"> , 1990</subfield>
    </datafield>
    <datafield tag="650" ind1=" " ind2=" ">
      <subfield code="a"> MATEMATICAS  ANALISIS COMBINATORIO</subfield>
    </datafield>
    <datafield tag="650" ind1=" " ind2=" ">
      <subfield code="a"> LOGICA MATEMATICA </subfield>
    </datafield>
    <datafield tag="650" ind1=" " ind2=" ">
      <subfield code="a"> ORDENADORES</subfield>
    </datafield>
    <datafield tag="650" ind1=" " ind2=" ">
      <subfield code="a"> ALGORITMOS</subfield>
    </datafield>
    <datafield tag="650" ind1=" " ind2=" ">
      <subfield code="a"> TEORIA DE GRAFOS</subfield>
    </datafield>
    <datafield tag="650" ind1=" " ind2=" ">
      <subfield code="a"> ARBOLES (MATEMATICAS)</subfield>
    </datafield>
    <datafield tag="942" ind1=" " ind2=" ">
      <subfield code="c">BK</subfield>
    </datafield>
    <datafield tag="952" ind1=" " ind2=" ">
      <subfield code="a">BIB_RECT</subfield>
      <subfield code="b">BIB_UACO</subfield>
      <subfield code="d">2010-08-10</subfield>
      <subfield code="y">BK</subfield>
      <subfield code="p">02-00985</subfield>
      <subfield code="i">02-00985</subfield>
      <subfield code="g">63</subfield>
      <subfield code="o">519.1 R823m2</subfield>
      <subfield code="e">Donación decanato</subfield>
      <subfield code="8">CG</subfield>
    </datafield>
    <datafield tag="952" ind1=" " ind2=" ">
      <subfield code="a">BIB_RECT</subfield>
      <subfield code="b">BIB_UACO</subfield>
      <subfield code="d">2010-08-10</subfield>
      <subfield code="y">BK</subfield>
      <subfield code="p">02-03492</subfield>
      <subfield code="i">02-03492</subfield>
      <subfield code="g">63</subfield>
      <subfield code="o">519.1 R823m2</subfield>
      <subfield code="e">Desconocido</subfield>
      <subfield code="8">CG</subfield>
    </datafield>
    <datafield tag="952" ind1=" " ind2=" ">
      <subfield code="a">BIB_RECT</subfield>
      <subfield code="b">BIB_UACO</subfield>
      <subfield code="d">2010-08-10</subfield>
      <subfield code="y">BK</subfield>
      <subfield code="p">02-05997</subfield>
      <subfield code="i">02-05997</subfield>
      <subfield code="g">63</subfield>
      <subfield code="o">519.1 R823m2</subfield>
      <subfield code="e">Desconocido</subfield>
      <subfield code="8">CG</subfield>
    </datafield>
    <datafield tag="952" ind1=" " ind2=" ">
      <subfield code="a">BIB_RECT</subfield>
      <subfield code="b">BIB_UACO</subfield>
      <subfield code="d">2010-08-10</subfield>
      <subfield code="y">BK</subfield>
      <subfield code="p">02-05998</subfield>
      <subfield code="i">02-05998</subfield>
      <subfield code="g">63</subfield>
      <subfield code="o">519.1 R823m2</subfield>
      <subfield code="e">Desconocido</subfield>
      <subfield code="8">CG</subfield>
    </datafield>
    <datafield tag="952" ind1=" " ind2=" ">
      <subfield code="a">BIB_RECT</subfield>
      <subfield code="b">BIB_UACO</subfield>
      <subfield code="d">2010-08-10</subfield>
      <subfield code="y">BK</subfield>
      <subfield code="p">02-05999</subfield>
      <subfield code="i">02-05999</subfield>
      <subfield code="g">63</subfield>
      <subfield code="o">519.1 R823m2</subfield>
      <subfield code="e">Desconocido</subfield>
      <subfield code="8">CG</subfield>
    </datafield>
    <datafield tag="952" ind1=" " ind2=" ">
      <subfield code="a">BIB_RECT</subfield>
      <subfield code="b">BIB_UACO</subfield>
      <subfield code="d">2010-08-10</subfield>
      <subfield code="y">BK</subfield>
      <subfield code="p">02-06000</subfield>
      <subfield code="i">02-06000</subfield>
      <subfield code="g">63</subfield>
      <subfield code="o">519.1 R823m2</subfield>
      <subfield code="e">Desconocido</subfield>
      <subfield code="8">CG</subfield>
    </datafield>
    <datafield tag="952" ind1=" " ind2=" ">
      <subfield code="a">BIB_RECT</subfield>
      <subfield code="b">BIB_UASJ</subfield>
      <subfield code="d">2010-08-10</subfield>
      <subfield code="y">BK</subfield>
      <subfield code="p">04-01143</subfield>
      <subfield code="i">04-01143</subfield>
      <subfield code="g">63</subfield>
      <subfield code="o">519.1 R823m2</subfield>
      <subfield code="e">Desconocido</subfield>
      <subfield code="8">CG</subfield>
    </datafield>
    <datafield tag="952" ind1=" " ind2=" ">
      <subfield code="a">BIB_RECT</subfield>
      <subfield code="b">BIB_UASJ</subfield>
      <subfield code="d">2010-08-10</subfield>
      <subfield code="y">BK</subfield>
      <subfield code="p">04-01148</subfield>
      <subfield code="i">04-01148</subfield>
      <subfield code="g">63</subfield>
      <subfield code="o">519.1 R823m2</subfield>
      <subfield code="e">Desconocido</subfield>
      <subfield code="8">CG</subfield>
    </datafield>
    <datafield tag="952" ind1=" " ind2=" ">
      <subfield code="a">BIB_RECT</subfield>
      <subfield code="b">BIB_UARG</subfield>
      <subfield code="d">2010-08-10</subfield>
      <subfield code="y">BK</subfield>
      <subfield code="p">05-13700</subfield>
      <subfield code="i">05-13700</subfield>
      <subfield code="g">63</subfield>
      <subfield code="o">519.1 R823m2</subfield>
      <subfield code="e">Desconocido</subfield>
      <subfield code="8">CG</subfield>
    </datafield>
    <datafield tag="952" ind1=" " ind2=" ">
      <subfield code="a">BIB_RECT</subfield>
      <subfield code="b">BIB_UARG</subfield>
      <subfield code="d">2010-08-10</subfield>
      <subfield code="y">BK</subfield>
      <subfield code="p">05-14133</subfield>
      <subfield code="i">05-14133</subfield>
      <subfield code="g">63</subfield>
      <subfield code="o">519.1 R823m2</subfield>
      <subfield code="e">Desconocido</subfield>
      <subfield code="8">CG</subfield>
    </datafield>
    <datafield tag="952" ind1=" " ind2=" ">
      <subfield code="a">BIB_RECT</subfield>
      <subfield code="b">BIB_UARG</subfield>
      <subfield code="d">2010-08-10</subfield>
      <subfield code="y">BK</subfield>
      <subfield code="p">05-14134</subfield>
      <subfield code="i">05-14134</subfield>
      <subfield code="g">63</subfield>
      <subfield code="o">519.1 R823m2</subfield>
      <subfield code="e">Desconocido</subfield>
      <subfield code="8">CG</subfield>
    </datafield>
  </record>