
  <record>
    <leader>01000aam  22002601a 4500</leader>
    <controlfield tag="001">YPZ93265</controlfield>
    <controlfield tag="003">YPZ</controlfield>
    <controlfield tag="005">201008101532390</controlfield>
    <controlfield tag="008">100810|###########||||||b||||||||||spa|d</controlfield>
    <datafield tag="020" ind1=" " ind2=" ">
      <subfield code="a">8429150498</subfield>
    </datafield>
    <datafield tag="040" ind1=" " ind2=" ">
      <subfield code="c">SIUNPA</subfield>
    </datafield>
    <datafield tag="041" ind1=" " ind2=" ">
      <subfield code="a">spa</subfield>
    </datafield>
    <datafield tag="044" ind1=" " ind2=" ">
      <subfield code="a">ES</subfield>
    </datafield>
    <datafield tag="080" ind1=" " ind2=" ">
      <subfield code="a">519.21 C559t</subfield>
    </datafield>
    <datafield tag="100" ind1=" " ind2=" ">
      <subfield code="a">Chung, Kai Lai.</subfield>
    </datafield>
    <datafield tag="245" ind1=" " ind2=" ">
      <subfield code="a">Teoría elemental de la probabilidad y de los procesos estocásticos</subfield>
    </datafield>
    <datafield tag="260" ind1=" " ind2=" ">
      <subfield code="a">Barcelona</subfield>
      <subfield code="b"> : Reverté</subfield>
      <subfield code="c"> , 1983</subfield>
    </datafield>
    <datafield tag="650" ind1=" " ind2=" ">
      <subfield code="a"> TEORIA DE LAS PROBABILIDADES</subfield>
    </datafield>
    <datafield tag="650" ind1=" " ind2=" ">
      <subfield code="a"> PROCESOS ESTOCASTICOS</subfield>
    </datafield>
    <datafield tag="650" ind1=" " ind2=" ">
      <subfield code="a"> PROBABILIDAD</subfield>
    </datafield>
    <datafield tag="942" ind1=" " ind2=" ">
      <subfield code="c">BK</subfield>
    </datafield>
    <datafield tag="952" ind1=" " ind2=" ">
      <subfield code="a">BIB_RECT</subfield>
      <subfield code="b">BIB_UACO</subfield>
      <subfield code="d">2010-08-10</subfield>
      <subfield code="y">BK</subfield>
      <subfield code="p">02-08059</subfield>
      <subfield code="i">02-08059</subfield>
      <subfield code="g">59</subfield>
      <subfield code="o">519.21 C559t</subfield>
      <subfield code="e">Fomec</subfield>
      <subfield code="8">CG</subfield>
    </datafield>
    <datafield tag="952" ind1=" " ind2=" ">
      <subfield code="a">BIB_RECT</subfield>
      <subfield code="b">BIB_UACO</subfield>
      <subfield code="d">2010-08-10</subfield>
      <subfield code="y">BK</subfield>
      <subfield code="p">02-08060</subfield>
      <subfield code="i">02-08060</subfield>
      <subfield code="g">59</subfield>
      <subfield code="o">519.21 C559t</subfield>
      <subfield code="e">Fomec</subfield>
      <subfield code="8">CG</subfield>
    </datafield>
    <datafield tag="952" ind1=" " ind2=" ">
      <subfield code="a">BIB_RECT</subfield>
      <subfield code="b">BIB_UACO</subfield>
      <subfield code="d">2010-08-10</subfield>
      <subfield code="y">BK</subfield>
      <subfield code="p">02-08061</subfield>
      <subfield code="i">02-08061</subfield>
      <subfield code="g">59</subfield>
      <subfield code="o">519.21 C559t</subfield>
      <subfield code="e">Fomec</subfield>
      <subfield code="8">CG</subfield>
    </datafield>
    <datafield tag="952" ind1=" " ind2=" ">
      <subfield code="a">BIB_RECT</subfield>
      <subfield code="b">BIB_UARG</subfield>
      <subfield code="d">2010-08-10</subfield>
      <subfield code="y">BK</subfield>
      <subfield code="p">05-09514</subfield>
      <subfield code="i">05-09514</subfield>
      <subfield code="g">59</subfield>
      <subfield code="o">519.21 C559t</subfield>
      <subfield code="e">Migración UARG</subfield>
      <subfield code="8">CG</subfield>
    </datafield>
    <datafield tag="952" ind1=" " ind2=" ">
      <subfield code="a">BIB_RECT</subfield>
      <subfield code="b">BIB_UARG</subfield>
      <subfield code="d">2010-08-10</subfield>
      <subfield code="y">BK</subfield>
      <subfield code="p">05-10979</subfield>
      <subfield code="i">05-10979</subfield>
      <subfield code="g">59</subfield>
      <subfield code="o">519.21 C559t</subfield>
      <subfield code="e">Migración UARG</subfield>
      <subfield code="8">CG</subfield>
    </datafield>
    <datafield tag="952" ind1=" " ind2=" ">
      <subfield code="a">BIB_RECT</subfield>
      <subfield code="b">BIB_UARG</subfield>
      <subfield code="d">2010-08-10</subfield>
      <subfield code="y">BK</subfield>
      <subfield code="p">05-10980</subfield>
      <subfield code="i">05-10980</subfield>
      <subfield code="g">59</subfield>
      <subfield code="o">519.21 C559t</subfield>
      <subfield code="e">Migración UARG</subfield>
      <subfield code="8">CG</subfield>
    </datafield>
    <datafield tag="952" ind1=" " ind2=" ">
      <subfield code="a">BIB_RECT</subfield>
      <subfield code="b">BIB_UARG</subfield>
      <subfield code="d">2010-08-10</subfield>
      <subfield code="y">BK</subfield>
      <subfield code="p">05-10981</subfield>
      <subfield code="i">05-10981</subfield>
      <subfield code="g">59</subfield>
      <subfield code="o">519.21 C559t</subfield>
      <subfield code="e">Migración UARG</subfield>
      <subfield code="8">CG</subfield>
    </datafield>
    <datafield tag="952" ind1=" " ind2=" ">
      <subfield code="a">BIB_RECT</subfield>
      <subfield code="b">BIB_UARG</subfield>
      <subfield code="d">2010-08-10</subfield>
      <subfield code="y">BK</subfield>
      <subfield code="p">05-10982</subfield>
      <subfield code="i">05-10982</subfield>
      <subfield code="g">59</subfield>
      <subfield code="o">519.21 C559t</subfield>
      <subfield code="e">Migración UARG</subfield>
      <subfield code="8">CG</subfield>
    </datafield>
  </record>