
  <record>
    <leader>01000aam  22002601a 4500</leader>
    <controlfield tag="001">YPZ93278</controlfield>
    <controlfield tag="003">YPZ</controlfield>
    <controlfield tag="005">201008111541310</controlfield>
    <controlfield tag="008">100811|###########||||||b||||||||||spa|d</controlfield>
    <datafield tag="040" ind1=" " ind2=" ">
      <subfield code="c">SIUNPA</subfield>
    </datafield>
    <datafield tag="041" ind1=" " ind2=" ">
      <subfield code="a">spa</subfield>
    </datafield>
    <datafield tag="044" ind1=" " ind2=" ">
      <subfield code="a">AR</subfield>
    </datafield>
    <datafield tag="080" ind1=" " ind2=" ">
      <subfield code="a">94(828.6) C735c</subfield>
    </datafield>
    <datafield tag="245" ind1=" " ind2=" ">
      <subfield code="a">Comodoro 70</subfield>
      <subfield code="c"> / Gonzalez, Roque, dir. ; Espelata, Roberto J., jefe redacción</subfield>
    </datafield>
    <datafield tag="260" ind1=" " ind2=" ">
      <subfield code="a">Comodoro Rivadavia</subfield>
      <subfield code="b"> : El Patagónico</subfield>
      <subfield code="c"> , 1971</subfield>
    </datafield>
    <datafield tag="500" ind1=" " ind2=" ">
      <subfield code="a">En cub.: 1901 volumen editado por el diario El Patagónico en adhesión al 70º aniversario de la fundación de la ciudad de Comodoro Rivadavia 1971</subfield>
    </datafield>
    <datafield tag="650" ind1=" " ind2=" ">
      <subfield code="a"> HISTORIA DE CHUBUT</subfield>
    </datafield>
    <datafield tag="650" ind1=" " ind2=" ">
      <subfield code="a"> COMODORO RIVADVIA (CHUBUT)</subfield>
    </datafield>
    <datafield tag="942" ind1=" " ind2=" ">
      <subfield code="c">BK</subfield>
    </datafield>
    <datafield tag="952" ind1=" " ind2=" ">
      <subfield code="a">BIB_RECT</subfield>
      <subfield code="b">BIB_UACO</subfield>
      <subfield code="d">2010-08-11</subfield>
      <subfield code="y">BK</subfield>
      <subfield code="p">02-03154</subfield>
      <subfield code="i">02-03154</subfield>
      <subfield code="g">49</subfield>
      <subfield code="o">94(828.6) C735c</subfield>
      <subfield code="e">Donación Prof. Castillo, Elena</subfield>
      <subfield code="8">CG</subfield>
    </datafield>
  </record>