
  <record>
    <leader>01000aam  22002601a 4500</leader>
    <controlfield tag="001">YPZ93281</controlfield>
    <controlfield tag="003">YPZ</controlfield>
    <controlfield tag="005">201008121500430</controlfield>
    <controlfield tag="008">100812|###########||||||b||||||||||spa|d</controlfield>
    <datafield tag="020" ind1=" " ind2=" ">
      <subfield code="a">3540605304</subfield>
    </datafield>
    <datafield tag="040" ind1=" " ind2=" ">
      <subfield code="c">SIUNPA</subfield>
    </datafield>
    <datafield tag="041" ind1=" " ind2=" ">
      <subfield code="a">eng</subfield>
    </datafield>
    <datafield tag="044" ind1=" " ind2=" ">
      <subfield code="a">DE</subfield>
    </datafield>
    <datafield tag="080" ind1=" " ind2=" ">
      <subfield code="a">519.6 E575n</subfield>
    </datafield>
    <datafield tag="100" ind1=" " ind2=" ">
      <subfield code="a">Engeln-Müllges, Gisela.</subfield>
    </datafield>
    <datafield tag="700" ind1=" " ind2=" ">
      <subfield code="a">Uhlig, Frank.</subfield>
    </datafield>
    <datafield tag="245" ind1=" " ind2=" ">
      <subfield code="a">Numerical algorithms with C</subfield>
    </datafield>
    <datafield tag="260" ind1=" " ind2=" ">
      <subfield code="a">Berlin</subfield>
      <subfield code="b"> : Springer</subfield>
      <subfield code="c"> , 1996</subfield>
    </datafield>
    <datafield tag="300" ind1=" " ind2=" ">
      <subfield code="a">189p. : </subfield>
      <subfield code="a">xvi, 673 p. : </subfield>
      <subfield code="b">il. ; </subfield>
      <subfield code="a">xv, 380 p. : </subfield>
      <subfield code="b">il. ; </subfield>
      <subfield code="a">xx, 619 p. : </subfield>
      <subfield code="b">il. ; </subfield>
      <subfield code="a">98 p. : </subfield>
      <subfield code="b">il. ; </subfield>
      <subfield code="a">xviii, 401 p. : </subfield>
      <subfield code="b">il. ; </subfield>
      <subfield code="a">xi, 161 p. : </subfield>
      <subfield code="b">il. ; </subfield>
      <subfield code="a">308 p. : </subfield>
      <subfield code="b">il. ; </subfield>
      <subfield code="a">xxvi, 370 p. : </subfield>
      <subfield code="b">il. ; </subfield>
      <subfield code="a">92 p. : </subfield>
      <subfield code="a">172 p. : </subfield>
      <subfield code="b">il. ; </subfield>
      <subfield code="a">446 p. : </subfield>
      <subfield code="a">368 p. : </subfield>
      <subfield code="b">il. ; </subfield>
      <subfield code="a">355 p. : </subfield>
      <subfield code="b">il. ; </subfield>
      <subfield code="a">206 p. : </subfield>
      <subfield code="a">[428] p. : </subfield>
      <subfield code="b">il., fot. ; </subfield>
      <subfield code="a">238 p. : </subfield>
      <subfield code="b">il. ; </subfield>
      <subfield code="a">xvii, 344 p. : </subfield>
      <subfield code="b">il. ; </subfield>
      <subfield code="a">xxii, 596 p. : </subfield>
      <subfield code="b">il. ; </subfield>
      <subfield code="e">1 CD-ROM en bolsillo</subfield>
    </datafield>
    <datafield tag="500" ind1=" " ind2=" ">
      <subfield code="a">Con 46 figuras</subfield>
    </datafield>
    <datafield tag="500" ind1=" " ind2=" ">
      <subfield code="a">Contenido del CD-ROM: ANSI C functions -- HTML version of the source codes -- GNU compiler for MS-DOS and OS/2 -- DMAKE 3.80 -- Examples</subfield>
    </datafield>
    <datafield tag="650" ind1=" " ind2=" ">
      <subfield code="a"> ANALISIS NUMERICO</subfield>
    </datafield>
    <datafield tag="650" ind1=" " ind2=" ">
      <subfield code="a"> ALGORITMOS</subfield>
    </datafield>
    <datafield tag="650" ind1=" " ind2=" ">
      <subfield code="a"> PROGRAMACION DE COMPUTADORA</subfield>
    </datafield>
    <datafield tag="650" ind1=" " ind2=" ">
      <subfield code="a"> ECUACIONES</subfield>
    </datafield>
    <datafield tag="942" ind1=" " ind2=" ">
      <subfield code="c">BK</subfield>
    </datafield>
    <datafield tag="952" ind1=" " ind2=" ">
      <subfield code="a">BIB_RECT</subfield>
      <subfield code="b">BIB_UACO</subfield>
      <subfield code="d">2010-08-12</subfield>
      <subfield code="y">BK</subfield>
      <subfield code="p">02-07012</subfield>
      <subfield code="i">02-07012</subfield>
      <subfield code="g">150</subfield>
      <subfield code="o">519.6 E575n</subfield>
      <subfield code="e">Fomec 585</subfield>
      <subfield code="8">CG</subfield>
    </datafield>
    <datafield tag="952" ind1=" " ind2=" ">
      <subfield code="a">BIB_RECT</subfield>
      <subfield code="b">BIB_UACO</subfield>
      <subfield code="d">2010-08-12</subfield>
      <subfield code="y">BK</subfield>
      <subfield code="p">02-07013</subfield>
      <subfield code="i">02-07013</subfield>
      <subfield code="g">150</subfield>
      <subfield code="o">519.6 E575n</subfield>
      <subfield code="e">Fomec 585</subfield>
      <subfield code="8">CG</subfield>
    </datafield>
  </record>