
  <record>
    <leader>01000aam  22002601a 4500</leader>
    <controlfield tag="001">YPZ93289</controlfield>
    <controlfield tag="003">YPZ</controlfield>
    <controlfield tag="005">201008171608190</controlfield>
    <controlfield tag="008">100817|###########||||||b||||||||||spa|d</controlfield>
    <datafield tag="020" ind1=" " ind2=" ">
      <subfield code="a">9700721183</subfield>
    </datafield>
    <datafield tag="040" ind1=" " ind2=" ">
      <subfield code="c">SIUNPA</subfield>
    </datafield>
    <datafield tag="041" ind1=" " ind2=" ">
      <subfield code="a">spa</subfield>
    </datafield>
    <datafield tag="044" ind1=" " ind2=" ">
      <subfield code="a">MX</subfield>
    </datafield>
    <datafield tag="080" ind1=" " ind2=" ">
      <subfield code="a">821.111 D754a</subfield>
    </datafield>
    <datafield tag="100" ind1=" " ind2=" ">
      <subfield code="a">Doyle, Arthur Conan.</subfield>
    </datafield>
    <datafield tag="245" ind1=" " ind2=" ">
      <subfield code="a">Aventuras de Sherlock Holmes</subfield>
      <subfield code="c"> / Francés, José, tr. ; Palencia, Julio, tr. ; Palencia, Ceferino, tr.</subfield>
    </datafield>
    <datafield tag="250" ind1=" " ind2=" ">
      <subfield code="a">9a ed.</subfield>
    </datafield>
    <datafield tag="260" ind1=" " ind2=" ">
      <subfield code="a">México, D.F.</subfield>
      <subfield code="b"> : Porrúa</subfield>
      <subfield code="c"> , 2000</subfield>
    </datafield>
    <datafield tag="440" ind1=" " ind2=" ">
      <subfield code="a">Colección sepan cuántos...</subfield>
      <subfield code="v">no. 343</subfield>
    </datafield>
    <datafield tag="490" ind1=" " ind2=" ">
      <subfield code="a">Colección sepan cuántos...</subfield>
      <subfield code="v">no. 343</subfield>
    </datafield>
    <datafield tag="650" ind1=" " ind2=" ">
      <subfield code="a"> LITERATURA INGLESA</subfield>
    </datafield>
    <datafield tag="650" ind1=" " ind2=" ">
      <subfield code="a"> CUENTO</subfield>
    </datafield>
    <datafield tag="505" ind1="0" ind2="0">
      <subfield code="g">p. 11-110</subfield>
      <subfield code="g">- LITERATURA INGLESA|- CUENTO</subfield>
      <subfield code="r">Conan Doyle, Arthur</subfield>
      <subfield code="t">El perro de Baskerville</subfield>
    </datafield>
    <datafield tag="505" ind1="0" ind2="0">
      <subfield code="g">p. 113-190</subfield>
      <subfield code="g">- LITERATURA INGLESA|- CUENTO</subfield>
      <subfield code="r">Conan Doyle, Arthur</subfield>
      <subfield code="t">La marca de los cuatro</subfield>
    </datafield>
    <datafield tag="505" ind1="0" ind2="0">
      <subfield code="g">p. 191-203</subfield>
      <subfield code="g">- LITERATURA INGLESA|- CUENTO</subfield>
      <subfield code="r">Conan Doyle, Arthur</subfield>
      <subfield code="t">El pulgar del ingeniero</subfield>
    </datafield>
    <datafield tag="505" ind1="0" ind2="0">
      <subfield code="g">p. 204-218</subfield>
      <subfield code="g">- LITERATURA INGLESA|- CUENTO</subfield>
      <subfield code="r">Conan Doyle, Arthur</subfield>
      <subfield code="t">La banda moteada</subfield>
    </datafield>
    <datafield tag="505" ind1="0" ind2="0">
      <subfield code="g">p. 219-235</subfield>
      <subfield code="g">- LITERATURA INGLESA|- CUENTO</subfield>
      <subfield code="r">Conan Doyle, Arthur</subfield>
      <subfield code="t">El enemigo de Napoleón</subfield>
    </datafield>
    <datafield tag="505" ind1="0" ind2="0">
      <subfield code="g">p. 236-250</subfield>
      <subfield code="g">- LITERATURA INGLESA|- CUENTO</subfield>
      <subfield code="r">Conan Doyle, Arthur</subfield>
      <subfield code="t">El campeón de foot-ball</subfield>
    </datafield>
    <datafield tag="505" ind1="0" ind2="0">
      <subfield code="g">p. 251-266</subfield>
      <subfield code="g">- LITERATURA INGLESA|- CUENTO</subfield>
      <subfield code="r">Conan Doyle, Arthur</subfield>
      <subfield code="t">El cordón de la campanilla</subfield>
    </datafield>
    <datafield tag="505" ind1="0" ind2="0">
      <subfield code="g">p. 267-280</subfield>
      <subfield code="g">- LITERATURA INGLESA|- CUENTO</subfield>
      <subfield code="r">Conan Doyle, Arthur</subfield>
      <subfield code="t">Los cunningham's</subfield>
    </datafield>
    <datafield tag="505" ind1="0" ind2="0">
      <subfield code="g">p. 281-298</subfield>
      <subfield code="g">- LITERATURA INGLESA|- CUENTO</subfield>
      <subfield code="r">Conan Doyle, Arthur</subfield>
      <subfield code="t">Las dos manchas de sangre</subfield>
    </datafield>
    <datafield tag="773" ind1="0" ind2="#">
      <subfield code="a">Conan Doyle, Arthur</subfield>
      <subfield code="g">- LITERATURA INGLESA|- CUENTO</subfield>
      <subfield code="h">p. 11-110</subfield>
      <subfield code="t">El perro de Baskerville</subfield>
    </datafield>
    <datafield tag="773" ind1="0" ind2="#">
      <subfield code="a">Conan Doyle, Arthur</subfield>
      <subfield code="g">- LITERATURA INGLESA|- CUENTO</subfield>
      <subfield code="h">p. 113-190</subfield>
      <subfield code="t">La marca de los cuatro</subfield>
    </datafield>
    <datafield tag="773" ind1="0" ind2="#">
      <subfield code="a">Conan Doyle, Arthur</subfield>
      <subfield code="g">- LITERATURA INGLESA|- CUENTO</subfield>
      <subfield code="h">p. 191-203</subfield>
      <subfield code="t">El pulgar del ingeniero</subfield>
    </datafield>
    <datafield tag="773" ind1="0" ind2="#">
      <subfield code="a">Conan Doyle, Arthur</subfield>
      <subfield code="g">- LITERATURA INGLESA|- CUENTO</subfield>
      <subfield code="h">p. 204-218</subfield>
      <subfield code="t">La banda moteada</subfield>
    </datafield>
    <datafield tag="773" ind1="0" ind2="#">
      <subfield code="a">Conan Doyle, Arthur</subfield>
      <subfield code="g">- LITERATURA INGLESA|- CUENTO</subfield>
      <subfield code="h">p. 219-235</subfield>
      <subfield code="t">El enemigo de Napoleón</subfield>
    </datafield>
    <datafield tag="773" ind1="0" ind2="#">
      <subfield code="a">Conan Doyle, Arthur</subfield>
      <subfield code="g">- LITERATURA INGLESA|- CUENTO</subfield>
      <subfield code="h">p. 236-250</subfield>
      <subfield code="t">El campeón de foot-ball</subfield>
    </datafield>
    <datafield tag="773" ind1="0" ind2="#">
      <subfield code="a">Conan Doyle, Arthur</subfield>
      <subfield code="g">- LITERATURA INGLESA|- CUENTO</subfield>
      <subfield code="h">p. 251-266</subfield>
      <subfield code="t">El cordón de la campanilla</subfield>
    </datafield>
    <datafield tag="773" ind1="0" ind2="#">
      <subfield code="a">Conan Doyle, Arthur</subfield>
      <subfield code="g">- LITERATURA INGLESA|- CUENTO</subfield>
      <subfield code="h">p. 267-280</subfield>
      <subfield code="t">Los cunningham's</subfield>
    </datafield>
    <datafield tag="773" ind1="0" ind2="#">
      <subfield code="a">Conan Doyle, Arthur</subfield>
      <subfield code="g">- LITERATURA INGLESA|- CUENTO</subfield>
      <subfield code="h">p. 281-298</subfield>
      <subfield code="t">Las dos manchas de sangre</subfield>
    </datafield>
    <datafield tag="942" ind1=" " ind2=" ">
      <subfield code="c">BK</subfield>
    </datafield>
    <datafield tag="952" ind1=" " ind2=" ">
      <subfield code="a">BIB_RECT</subfield>
      <subfield code="b">BIB_UARG</subfield>
      <subfield code="d">2010-08-17</subfield>
      <subfield code="y">BK</subfield>
      <subfield code="p">05-14778</subfield>
      <subfield code="i">05-14778</subfield>
      <subfield code="g">49</subfield>
      <subfield code="o">821.111 D754a</subfield>
      <subfield code="e">AAB-UARG/01</subfield>
      <subfield code="8">CG</subfield>
    </datafield>
  </record>