
  <record>
    <leader>01000aam  22002601a 4500</leader>
    <controlfield tag="001">YPZ93292</controlfield>
    <controlfield tag="003">YPZ</controlfield>
    <controlfield tag="005">201008171814280</controlfield>
    <controlfield tag="008">100817|###########||||||b||||||||||spa|d</controlfield>
    <datafield tag="020" ind1=" " ind2=" ">
      <subfield code="a">842491046X</subfield>
    </datafield>
    <datafield tag="040" ind1=" " ind2=" ">
      <subfield code="c">SIUNPA</subfield>
    </datafield>
    <datafield tag="041" ind1=" " ind2=" ">
      <subfield code="a">spa</subfield>
    </datafield>
    <datafield tag="044" ind1=" " ind2=" ">
      <subfield code="a">ES</subfield>
    </datafield>
    <datafield tag="080" ind1=" " ind2=" ">
      <subfield code="a">821.14'02 E779t</subfield>
    </datafield>
    <datafield tag="100" ind1=" " ind2=" ">
      <subfield code="a">Esquilo.</subfield>
    </datafield>
    <datafield tag="245" ind1=" " ind2=" ">
      <subfield code="a">Tragedias</subfield>
      <subfield code="c"> / Fernández-Galiano, Manuel, introd. ; Perea Morales, Bernardo, tr. y notas</subfield>
    </datafield>
    <datafield tag="260" ind1=" " ind2=" ">
      <subfield code="a">Madrid</subfield>
      <subfield code="b"> : Gredos</subfield>
      <subfield code="c"> , 1986</subfield>
    </datafield>
    <datafield tag="440" ind1=" " ind2=" ">
      <subfield code="a">Biblioteca clásica Gredos</subfield>
      <subfield code="v">97</subfield>
    </datafield>
    <datafield tag="490" ind1=" " ind2=" ">
      <subfield code="a">Biblioteca clásica Gredos</subfield>
      <subfield code="v">97</subfield>
    </datafield>
    <datafield tag="650" ind1=" " ind2=" ">
      <subfield code="a"> LITERATURA GRIEGA</subfield>
    </datafield>
    <datafield tag="650" ind1=" " ind2=" ">
      <subfield code="a"> TEATRO GRIEGO</subfield>
    </datafield>
    <datafield tag="505" ind1="0" ind2="0">
      <subfield code="g">p. 215-264</subfield>
      <subfield code="g">- LITERATURA GRIEGA|TEATRO GRIEGO</subfield>
      <subfield code="r">Esquilo</subfield>
      <subfield code="t">Los persas</subfield>
    </datafield>
    <datafield tag="505" ind1="0" ind2="0">
      <subfield code="g">p. 265-314</subfield>
      <subfield code="g">- LITERATURA GRIEGA|TEATRO GRIEGO</subfield>
      <subfield code="r">Esquilo</subfield>
      <subfield code="t">Los siete contra Tebas</subfield>
    </datafield>
    <datafield tag="505" ind1="0" ind2="0">
      <subfield code="g">p. 315-365</subfield>
      <subfield code="g">- LITERATURA GRIEGA|TEATRO GRIEGO</subfield>
      <subfield code="r">Esquilo</subfield>
      <subfield code="t">Las suplicantes</subfield>
    </datafield>
    <datafield tag="505" ind1="0" ind2="0">
      <subfield code="g">p. 367-440</subfield>
      <subfield code="g">- LITERATURA GRIEGA|TEATRO GRIEGO</subfield>
      <subfield code="r">Esquilo</subfield>
      <subfield code="t">Agamenón</subfield>
    </datafield>
    <datafield tag="505" ind1="0" ind2="0">
      <subfield code="g">p. 441-491</subfield>
      <subfield code="g">- LITERATURA GRIEGA|TEATRO GRIEGO</subfield>
      <subfield code="r">Esquilo</subfield>
      <subfield code="t">Las coéforas</subfield>
    </datafield>
    <datafield tag="505" ind1="0" ind2="0">
      <subfield code="g">p. 493-538</subfield>
      <subfield code="g">- LITERATURA GRIEGA|TEATRO GRIEGO</subfield>
      <subfield code="r">Esquilo</subfield>
      <subfield code="t">Las Euménides</subfield>
    </datafield>
    <datafield tag="505" ind1="0" ind2="0">
      <subfield code="g">p. 539-582</subfield>
      <subfield code="g">- LITERATURA GRIEGA|TEATRO GRIEGO</subfield>
      <subfield code="r">Esquilo</subfield>
      <subfield code="t">Prometeo encadenado</subfield>
    </datafield>
    <datafield tag="773" ind1="0" ind2="#">
      <subfield code="a">Esquilo</subfield>
      <subfield code="g">- LITERATURA GRIEGA|TEATRO GRIEGO</subfield>
      <subfield code="h">p. 215-264</subfield>
      <subfield code="t">Los persas</subfield>
    </datafield>
    <datafield tag="773" ind1="0" ind2="#">
      <subfield code="a">Esquilo</subfield>
      <subfield code="g">- LITERATURA GRIEGA|TEATRO GRIEGO</subfield>
      <subfield code="h">p. 265-314</subfield>
      <subfield code="t">Los siete contra Tebas</subfield>
    </datafield>
    <datafield tag="773" ind1="0" ind2="#">
      <subfield code="a">Esquilo</subfield>
      <subfield code="g">- LITERATURA GRIEGA|TEATRO GRIEGO</subfield>
      <subfield code="h">p. 315-365</subfield>
      <subfield code="t">Las suplicantes</subfield>
    </datafield>
    <datafield tag="773" ind1="0" ind2="#">
      <subfield code="a">Esquilo</subfield>
      <subfield code="g">- LITERATURA GRIEGA|TEATRO GRIEGO</subfield>
      <subfield code="h">p. 367-440</subfield>
      <subfield code="t">Agamenón</subfield>
    </datafield>
    <datafield tag="773" ind1="0" ind2="#">
      <subfield code="a">Esquilo</subfield>
      <subfield code="g">- LITERATURA GRIEGA|TEATRO GRIEGO</subfield>
      <subfield code="h">p. 441-491</subfield>
      <subfield code="t">Las coéforas</subfield>
    </datafield>
    <datafield tag="773" ind1="0" ind2="#">
      <subfield code="a">Esquilo</subfield>
      <subfield code="g">- LITERATURA GRIEGA|TEATRO GRIEGO</subfield>
      <subfield code="h">p. 493-538</subfield>
      <subfield code="t">Las Euménides</subfield>
    </datafield>
    <datafield tag="773" ind1="0" ind2="#">
      <subfield code="a">Esquilo</subfield>
      <subfield code="g">- LITERATURA GRIEGA|TEATRO GRIEGO</subfield>
      <subfield code="h">p. 539-582</subfield>
      <subfield code="t">Prometeo encadenado</subfield>
    </datafield>
    <datafield tag="942" ind1=" " ind2=" ">
      <subfield code="c">BK</subfield>
    </datafield>
    <datafield tag="952" ind1=" " ind2=" ">
      <subfield code="a">BIB_RECT</subfield>
      <subfield code="b">BIB_UARG</subfield>
      <subfield code="d">2010-08-17</subfield>
      <subfield code="y">BK</subfield>
      <subfield code="p">05-07271</subfield>
      <subfield code="i">05-07271</subfield>
      <subfield code="g">49</subfield>
      <subfield code="o">821.14'02 E779t</subfield>
      <subfield code="e">Acuerdo 012/93</subfield>
      <subfield code="8">CG</subfield>
    </datafield>
    <datafield tag="952" ind1=" " ind2=" ">
      <subfield code="a">BIB_RECT</subfield>
      <subfield code="b">BIB_UARG</subfield>
      <subfield code="d">2010-08-17</subfield>
      <subfield code="y">BK</subfield>
      <subfield code="p">05-11837</subfield>
      <subfield code="i">05-11837</subfield>
      <subfield code="g">49</subfield>
      <subfield code="o">821.14'02 E779t</subfield>
      <subfield code="e">Migración UARG</subfield>
      <subfield code="8">CG</subfield>
    </datafield>
  </record>