
  <record>
    <leader>01000aam  22002601a 4500</leader>
    <controlfield tag="001">YPZ93295</controlfield>
    <controlfield tag="003">YPZ</controlfield>
    <controlfield tag="005">201008181527490</controlfield>
    <controlfield tag="008">100818|###########||||||b||||||||||spa|d</controlfield>
    <datafield tag="020" ind1=" " ind2=" ">
      <subfield code="a">9688802891</subfield>
    </datafield>
    <datafield tag="040" ind1=" " ind2=" ">
      <subfield code="c">SIUNPA</subfield>
    </datafield>
    <datafield tag="041" ind1=" " ind2=" ">
      <subfield code="a">spa</subfield>
    </datafield>
    <datafield tag="044" ind1=" " ind2=" ">
      <subfield code="a">MX</subfield>
    </datafield>
    <datafield tag="080" ind1=" " ind2=" ">
      <subfield code="a">330.101.541 S121m</subfield>
    </datafield>
    <datafield tag="100" ind1=" " ind2=" ">
      <subfield code="a">Sachs, Jeffrey D..</subfield>
    </datafield>
    <datafield tag="700" ind1=" " ind2=" ">
      <subfield code="a">Larraín B., Felipe.</subfield>
    </datafield>
    <datafield tag="245" ind1=" " ind2=" ">
      <subfield code="a">Macroeconomía en la economía global</subfield>
      <subfield code="c"> / Muñoz Gomá, Roberto ; Pérez Bonilla, José Tomás, ed.</subfield>
    </datafield>
    <datafield tag="250" ind1=" " ind2=" ">
      <subfield code="a">1a ed.</subfield>
    </datafield>
    <datafield tag="260" ind1=" " ind2=" ">
      <subfield code="a">Naucalpan de Juarez</subfield>
      <subfield code="b"> : Prentice Hall</subfield>
      <subfield code="c"> , 1994</subfield>
    </datafield>
    <datafield tag="650" ind1=" " ind2=" ">
      <subfield code="a"> MACROECONOMIA</subfield>
    </datafield>
    <datafield tag="942" ind1=" " ind2=" ">
      <subfield code="c">BK</subfield>
    </datafield>
    <datafield tag="952" ind1=" " ind2=" ">
      <subfield code="a">BIB_RECT</subfield>
      <subfield code="b">BIB_UACO</subfield>
      <subfield code="d">2010-08-18</subfield>
      <subfield code="y">BK</subfield>
      <subfield code="p">02-04224</subfield>
      <subfield code="i">02-04224</subfield>
      <subfield code="g">78</subfield>
      <subfield code="o">330.101.541 S121m</subfield>
      <subfield code="e">FOMEC 585</subfield>
      <subfield code="8">CG</subfield>
    </datafield>
    <datafield tag="952" ind1=" " ind2=" ">
      <subfield code="a">BIB_RECT</subfield>
      <subfield code="b">BIB_UACO</subfield>
      <subfield code="d">2010-08-18</subfield>
      <subfield code="y">BK</subfield>
      <subfield code="p">02-04225</subfield>
      <subfield code="i">02-04225</subfield>
      <subfield code="g">78</subfield>
      <subfield code="o">330.101.541 S121m</subfield>
      <subfield code="e">FOMEC 585</subfield>
      <subfield code="8">CG</subfield>
    </datafield>
    <datafield tag="952" ind1=" " ind2=" ">
      <subfield code="a">BIB_RECT</subfield>
      <subfield code="b">BIB_UACO</subfield>
      <subfield code="d">2010-08-18</subfield>
      <subfield code="y">BK</subfield>
      <subfield code="p">02-04226</subfield>
      <subfield code="i">02-04226</subfield>
      <subfield code="g">78</subfield>
      <subfield code="o">330.101.541 S121m</subfield>
      <subfield code="e">FOMEC 585</subfield>
      <subfield code="8">CG</subfield>
    </datafield>
    <datafield tag="952" ind1=" " ind2=" ">
      <subfield code="a">BIB_RECT</subfield>
      <subfield code="b">BIB_UACO</subfield>
      <subfield code="d">2010-08-18</subfield>
      <subfield code="y">BK</subfield>
      <subfield code="p">02-04227</subfield>
      <subfield code="i">02-04227</subfield>
      <subfield code="g">78</subfield>
      <subfield code="o">330.101.541 S121m</subfield>
      <subfield code="e">FOMEC 585</subfield>
      <subfield code="8">CG</subfield>
    </datafield>
    <datafield tag="952" ind1=" " ind2=" ">
      <subfield code="a">BIB_RECT</subfield>
      <subfield code="b">BIB_UACO</subfield>
      <subfield code="d">2010-08-18</subfield>
      <subfield code="y">BK</subfield>
      <subfield code="p">02-04228</subfield>
      <subfield code="i">02-04228</subfield>
      <subfield code="g">78</subfield>
      <subfield code="o">330.101.541 S121m</subfield>
      <subfield code="e">FOMEC 585</subfield>
      <subfield code="8">CG</subfield>
    </datafield>
  </record>