
  <record>
    <leader>01000aam  22002601a 4500</leader>
    <controlfield tag="001">YPZ93297</controlfield>
    <controlfield tag="003">YPZ</controlfield>
    <controlfield tag="005">201008181555050</controlfield>
    <controlfield tag="008">100818|###########||||||b||||||||||spa|d</controlfield>
    <datafield tag="020" ind1=" " ind2=" ">
      <subfield code="a">8448111273</subfield>
    </datafield>
    <datafield tag="040" ind1=" " ind2=" ">
      <subfield code="c">SIUNPA</subfield>
    </datafield>
    <datafield tag="041" ind1=" " ind2=" ">
      <subfield code="a">spa</subfield>
    </datafield>
    <datafield tag="044" ind1=" " ind2=" ">
      <subfield code="a">ES</subfield>
    </datafield>
    <datafield tag="080" ind1=" " ind2=" ">
      <subfield code="a">330.101.542  N629t6</subfield>
    </datafield>
    <datafield tag="100" ind1=" " ind2=" ">
      <subfield code="a">Nicholson, Walter.</subfield>
    </datafield>
    <datafield tag="245" ind1=" " ind2=" ">
      <subfield code="a">Teoría microeconómica</subfield>
      <subfield code="b"> : principios básicos y aplicaciones</subfield>
      <subfield code="c"> / Rabasco Espariz, Esther, tr. ; Toharia Cortéz, Luis, tr.</subfield>
    </datafield>
    <datafield tag="250" ind1=" " ind2=" ">
      <subfield code="a">6a ed.</subfield>
    </datafield>
    <datafield tag="260" ind1=" " ind2=" ">
      <subfield code="a">Madrid</subfield>
      <subfield code="b"> : McGraw-Hill</subfield>
      <subfield code="c"> , 1997</subfield>
    </datafield>
    <datafield tag="650" ind1=" " ind2=" ">
      <subfield code="a"> MICROECONOMIA</subfield>
    </datafield>
    <datafield tag="942" ind1=" " ind2=" ">
      <subfield code="c">BK</subfield>
    </datafield>
    <datafield tag="952" ind1=" " ind2=" ">
      <subfield code="a">BIB_RECT</subfield>
      <subfield code="b">BIB_UACO</subfield>
      <subfield code="d">2010-08-18</subfield>
      <subfield code="y">BK</subfield>
      <subfield code="p">02-05794</subfield>
      <subfield code="i">02-05794</subfield>
      <subfield code="g">180</subfield>
      <subfield code="o">330.101.542  N629t6</subfield>
      <subfield code="e">Fomec 585</subfield>
      <subfield code="8">CG</subfield>
    </datafield>
    <datafield tag="952" ind1=" " ind2=" ">
      <subfield code="a">BIB_RECT</subfield>
      <subfield code="b">BIB_UACO</subfield>
      <subfield code="d">2010-08-18</subfield>
      <subfield code="y">BK</subfield>
      <subfield code="p">02-05795</subfield>
      <subfield code="i">02-05795</subfield>
      <subfield code="g">180</subfield>
      <subfield code="o">330.101.542  N629t6</subfield>
      <subfield code="e">Fomec 585</subfield>
      <subfield code="8">CG</subfield>
    </datafield>
    <datafield tag="952" ind1=" " ind2=" ">
      <subfield code="a">BIB_RECT</subfield>
      <subfield code="b">BIB_UACO</subfield>
      <subfield code="d">2010-08-18</subfield>
      <subfield code="y">BK</subfield>
      <subfield code="p">02-05796</subfield>
      <subfield code="i">02-05796</subfield>
      <subfield code="g">180</subfield>
      <subfield code="o">330.101.542  N629t6</subfield>
      <subfield code="e">Fomec 585</subfield>
      <subfield code="8">CG</subfield>
    </datafield>
    <datafield tag="952" ind1=" " ind2=" ">
      <subfield code="a">BIB_RECT</subfield>
      <subfield code="b">BIB_UACO</subfield>
      <subfield code="d">2010-08-18</subfield>
      <subfield code="y">BK</subfield>
      <subfield code="p">02-05797</subfield>
      <subfield code="i">02-05797</subfield>
      <subfield code="g">180</subfield>
      <subfield code="o">330.101.542  N629t6</subfield>
      <subfield code="e">Fomec 585</subfield>
      <subfield code="8">CG</subfield>
    </datafield>
    <datafield tag="952" ind1=" " ind2=" ">
      <subfield code="a">BIB_RECT</subfield>
      <subfield code="b">BIB_UACO</subfield>
      <subfield code="d">2010-08-18</subfield>
      <subfield code="y">BK</subfield>
      <subfield code="p">02-05798</subfield>
      <subfield code="i">02-05798</subfield>
      <subfield code="g">180</subfield>
      <subfield code="o">330.101.542  N629t6</subfield>
      <subfield code="e">Fomec 585</subfield>
      <subfield code="8">CG</subfield>
    </datafield>
    <datafield tag="952" ind1=" " ind2=" ">
      <subfield code="a">BIB_RECT</subfield>
      <subfield code="b">SAT_TRUN</subfield>
      <subfield code="d">2010-08-18</subfield>
      <subfield code="y">BK</subfield>
      <subfield code="p">10-07216</subfield>
      <subfield code="i">10-07216</subfield>
      <subfield code="g">180</subfield>
      <subfield code="o">330.101.542  N629t6</subfield>
      <subfield code="e">Fomec 585</subfield>
      <subfield code="8">CG</subfield>
    </datafield>
  </record>