
  <record>
    <leader>01000aam  22002601a 4500</leader>
    <controlfield tag="001">YPZ93314</controlfield>
    <controlfield tag="003">YPZ</controlfield>
    <controlfield tag="005">201008251625260</controlfield>
    <controlfield tag="008">100825|###########||||||b||||||||||spa|d</controlfield>
    <datafield tag="020" ind1=" " ind2=" ">
      <subfield code="a">9789503405758</subfield>
    </datafield>
    <datafield tag="040" ind1=" " ind2=" ">
      <subfield code="c">SIUNPA</subfield>
    </datafield>
    <datafield tag="041" ind1=" " ind2=" ">
      <subfield code="a">spa</subfield>
    </datafield>
    <datafield tag="044" ind1=" " ind2=" ">
      <subfield code="a">AR</subfield>
    </datafield>
    <datafield tag="080" ind1=" " ind2=" ">
      <subfield code="a">316.77 C741com</subfield>
    </datafield>
    <datafield tag="245" ind1=" " ind2=" ">
      <subfield code="a">Comunicar el ambiente</subfield>
      <subfield code="b"> : una nueva experiancia pedagógica</subfield>
      <subfield code="c"> / Ferretti, Edmundo, comp. ; Gonzalez, Leonardo J., comp. ; Useglio, Paula, comp. ; Mainini, María Cecilia, ed. ; Manasanch, Anabel, ed.</subfield>
    </datafield>
    <datafield tag="260" ind1=" " ind2=" ">
      <subfield code="a">La Plata</subfield>
      <subfield code="b"> : Facultad de Periodismo y Comunicación Social, Universidad Nacional de La Plata</subfield>
      <subfield code="c"> , 2009</subfield>
    </datafield>
    <datafield tag="440" ind1=" " ind2=" ">
      <subfield code="a">Ediciones de periodismo y comunicación</subfield>
      <subfield code="v">41</subfield>
    </datafield>
    <datafield tag="490" ind1=" " ind2=" ">
      <subfield code="a">Ediciones de periodismo y comunicación</subfield>
      <subfield code="v">41</subfield>
    </datafield>
    <datafield tag="650" ind1=" " ind2=" ">
      <subfield code="a"> MEDIOS DE COMUNICACION  POLITICA AMBIENTAL</subfield>
    </datafield>
    <datafield tag="650" ind1=" " ind2=" ">
      <subfield code="a"> PROTECCION AMBIENTAL</subfield>
    </datafield>
    <datafield tag="650" ind1=" " ind2=" ">
      <subfield code="a"> CONSERVACION AMBIENTAL</subfield>
    </datafield>
    <datafield tag="650" ind1=" " ind2=" ">
      <subfield code="a"> GESTION AMBIENTAL</subfield>
    </datafield>
    <datafield tag="942" ind1=" " ind2=" ">
      <subfield code="c">BK</subfield>
    </datafield>
    <datafield tag="952" ind1=" " ind2=" ">
      <subfield code="a">BIB_RECT</subfield>
      <subfield code="b">BIB_UACO</subfield>
      <subfield code="d">2010-08-25</subfield>
      <subfield code="y">BK</subfield>
      <subfield code="p">02-39674</subfield>
      <subfield code="i">02-39674</subfield>
      <subfield code="g">38</subfield>
      <subfield code="o">316.77 C741com</subfield>
      <subfield code="e">Donación SEUACO</subfield>
      <subfield code="8">CG</subfield>
    </datafield>
    <datafield tag="952" ind1=" " ind2=" ">
      <subfield code="a">BIB_RECT</subfield>
      <subfield code="b">BIB_UARG</subfield>
      <subfield code="d">2016-03-22</subfield>
      <subfield code="y">BK</subfield>
      <subfield code="p">05-47728</subfield>
      <subfield code="i">05-47728</subfield>
      <subfield code="g">170</subfield>
      <subfield code="o">316.77 C741com</subfield>
      <subfield code="e">Fund. Patag. Natural</subfield>
      <subfield code="8">CG</subfield>
    </datafield>
    <datafield tag="952" ind1=" " ind2=" ">
      <subfield code="a">BIB_RECT</subfield>
      <subfield code="b">BIB_UARG</subfield>
      <subfield code="d">2016-03-22</subfield>
      <subfield code="y">BK</subfield>
      <subfield code="p">05-47729</subfield>
      <subfield code="i">05-47729</subfield>
      <subfield code="g">170</subfield>
      <subfield code="o">316.77 C741com</subfield>
      <subfield code="e">Fund. Patag. Natural</subfield>
      <subfield code="8">CG</subfield>
    </datafield>
  </record>