
  <record>
    <leader>01000aam  22002601a 4500</leader>
    <controlfield tag="001">YPZ93319</controlfield>
    <controlfield tag="003">YPZ</controlfield>
    <controlfield tag="005">201008301603100</controlfield>
    <controlfield tag="008">100830|###########||||||b||||||||||spa|d</controlfield>
    <datafield tag="040" ind1=" " ind2=" ">
      <subfield code="c">SIUNPA</subfield>
    </datafield>
    <datafield tag="041" ind1=" " ind2=" ">
      <subfield code="a">spa</subfield>
    </datafield>
    <datafield tag="044" ind1=" " ind2=" ">
      <subfield code="a">AR</subfield>
    </datafield>
    <datafield tag="080" ind1=" " ind2=" ">
      <subfield code="a">372.85 P969e</subfield>
    </datafield>
    <datafield tag="110" ind1=" " ind2=" ">
      <subfield code="a">Proyecto Marino Patagonico.</subfield>
    </datafield>
    <datafield tag="245" ind1=" " ind2=" ">
      <subfield code="a">Educación ambiental</subfield>
      <subfield code="c"> / Padín, Oscar Horacio, dir.</subfield>
    </datafield>
    <datafield tag="260" ind1=" " ind2=" ">
      <subfield code="a">[Buenos Aires]</subfield>
      <subfield code="b"> : Secretaría de Ambiente y Desarrollo Sustentable</subfield>
      <subfield code="c"> , [2007]</subfield>
    </datafield>
    <datafield tag="440" ind1=" " ind2=" ">
      <subfield code="a">Educación / Homo Sapiens</subfield>
      <subfield code="a">Aportes para el aula</subfield>
      <subfield code="v">1-4</subfield>
    </datafield>
    <datafield tag="490" ind1=" " ind2=" ">
      <subfield code="a">Educación / Homo Sapiens</subfield>
      <subfield code="a">Aportes para el aula</subfield>
      <subfield code="v">1-4</subfield>
    </datafield>
    <datafield tag="500" ind1=" " ind2=" ">
      <subfield code="a">t.4. posee 1 CD-ROM en bolsillo</subfield>
    </datafield>
    <datafield tag="650" ind1=" " ind2=" ">
      <subfield code="a"> EDUCACION AMBIENTAL</subfield>
    </datafield>
    <datafield tag="650" ind1=" " ind2=" ">
      <subfield code="a"> MEDIO AMBIENTE</subfield>
    </datafield>
    <datafield tag="650" ind1=" " ind2=" ">
      <subfield code="a"> ECOLOGIA </subfield>
    </datafield>
    <datafield tag="650" ind1=" " ind2=" ">
      <subfield code="a"> BIODIVERSIDAD</subfield>
    </datafield>
    <datafield tag="650" ind1=" " ind2=" ">
      <subfield code="a"> EGB </subfield>
    </datafield>
    <datafield tag="650" ind1=" " ind2=" ">
      <subfield code="a"> POLIMODAL</subfield>
    </datafield>
    <datafield tag="650" ind1=" " ind2=" ">
      <subfield code="a"> REGION PATAGONICA</subfield>
    </datafield>
    <datafield tag="942" ind1=" " ind2=" ">
      <subfield code="c">BK</subfield>
    </datafield>
    <datafield tag="952" ind1=" " ind2=" ">
      <subfield code="a">BIB_RECT</subfield>
      <subfield code="b">BIB_UASJ</subfield>
      <subfield code="d">2010-08-30</subfield>
      <subfield code="y">BK</subfield>
      <subfield code="p">04-39683</subfield>
      <subfield code="i">04-39683</subfield>
      <subfield code="g">32</subfield>
      <subfield code="o">372.85 P969e</subfield>
      <subfield code="e">Donación</subfield>
      <subfield code="8">CG</subfield>
    </datafield>
    <datafield tag="952" ind1=" " ind2=" ">
      <subfield code="a">BIB_RECT</subfield>
      <subfield code="b">BIB_UASJ</subfield>
      <subfield code="d">2010-08-30</subfield>
      <subfield code="y">BK</subfield>
      <subfield code="p">04-39684</subfield>
      <subfield code="i">04-39684</subfield>
      <subfield code="g">32</subfield>
      <subfield code="o">372.85 P969e</subfield>
      <subfield code="e">Donación</subfield>
      <subfield code="8">CG</subfield>
    </datafield>
    <datafield tag="952" ind1=" " ind2=" ">
      <subfield code="a">BIB_RECT</subfield>
      <subfield code="b">BIB_UASJ</subfield>
      <subfield code="d">2010-08-30</subfield>
      <subfield code="y">BK</subfield>
      <subfield code="p">04-39685</subfield>
      <subfield code="i">04-39685</subfield>
      <subfield code="g">32</subfield>
      <subfield code="o">372.85 P969e</subfield>
      <subfield code="e">Donación</subfield>
      <subfield code="8">CG</subfield>
    </datafield>
    <datafield tag="952" ind1=" " ind2=" ">
      <subfield code="a">BIB_RECT</subfield>
      <subfield code="b">BIB_UASJ</subfield>
      <subfield code="d">2010-08-30</subfield>
      <subfield code="y">BK</subfield>
      <subfield code="p">04-39686</subfield>
      <subfield code="i">04-39686</subfield>
      <subfield code="g">32</subfield>
      <subfield code="o">372.85 P969e</subfield>
      <subfield code="e">Donación</subfield>
      <subfield code="8">CG</subfield>
    </datafield>
    <datafield tag="952" ind1=" " ind2=" ">
      <subfield code="a">BIB_RECT</subfield>
      <subfield code="b">BIB_UASJ</subfield>
      <subfield code="d">2010-08-30</subfield>
      <subfield code="y">BK</subfield>
      <subfield code="p">04-39687</subfield>
      <subfield code="i">04-39687</subfield>
      <subfield code="g">32</subfield>
      <subfield code="o">372.85 P969e</subfield>
      <subfield code="e">Donación</subfield>
      <subfield code="8">CG</subfield>
    </datafield>
    <datafield tag="952" ind1=" " ind2=" ">
      <subfield code="a">BIB_RECT</subfield>
      <subfield code="b">BIB_UASJ</subfield>
      <subfield code="d">2010-08-30</subfield>
      <subfield code="y">BK</subfield>
      <subfield code="p">04-39688</subfield>
      <subfield code="i">04-39688</subfield>
      <subfield code="g">32</subfield>
      <subfield code="o">372.85 P969e</subfield>
      <subfield code="e">Donación</subfield>
      <subfield code="8">CG</subfield>
    </datafield>
    <datafield tag="952" ind1=" " ind2=" ">
      <subfield code="a">BIB_RECT</subfield>
      <subfield code="b">BIB_UASJ</subfield>
      <subfield code="d">2010-08-30</subfield>
      <subfield code="y">BK</subfield>
      <subfield code="p">04-39689</subfield>
      <subfield code="i">04-39689</subfield>
      <subfield code="g">32</subfield>
      <subfield code="o">372.85 P969e</subfield>
      <subfield code="e">Donación</subfield>
      <subfield code="8">CG</subfield>
    </datafield>
    <datafield tag="952" ind1=" " ind2=" ">
      <subfield code="a">BIB_RECT</subfield>
      <subfield code="b">BIB_UASJ</subfield>
      <subfield code="d">2010-08-30</subfield>
      <subfield code="y">BK</subfield>
      <subfield code="p">04-39690</subfield>
      <subfield code="i">04-39690</subfield>
      <subfield code="g">32</subfield>
      <subfield code="o">372.85 P969e</subfield>
      <subfield code="e">Donación</subfield>
      <subfield code="8">CG</subfield>
    </datafield>
  </record>