
  <record>
    <leader>01000aam  22002601a 4500</leader>
    <controlfield tag="001">YPZ93322</controlfield>
    <controlfield tag="003">YPZ</controlfield>
    <controlfield tag="005">201008301820260</controlfield>
    <controlfield tag="008">100830|###########||||||b||||||||||spa|d</controlfield>
    <datafield tag="020" ind1=" " ind2=" ">
      <subfield code="a">9789876330398</subfield>
    </datafield>
    <datafield tag="040" ind1=" " ind2=" ">
      <subfield code="c">SIUNPA</subfield>
    </datafield>
    <datafield tag="041" ind1=" " ind2=" ">
      <subfield code="a">spa</subfield>
    </datafield>
    <datafield tag="044" ind1=" " ind2=" ">
      <subfield code="a">AR</subfield>
    </datafield>
    <datafield tag="080" ind1=" " ind2=" ">
      <subfield code="a">376-056.263 S161n</subfield>
    </datafield>
    <datafield tag="100" ind1=" " ind2=" ">
      <subfield code="a">Salas, Patricia.</subfield>
    </datafield>
    <datafield tag="245" ind1=" " ind2=" ">
      <subfield code="a">Narrativa, lenguaje y discapacidad auditiva</subfield>
    </datafield>
    <datafield tag="250" ind1=" " ind2=" ">
      <subfield code="a">1a ed.</subfield>
    </datafield>
    <datafield tag="260" ind1=" " ind2=" ">
      <subfield code="a">Salta</subfield>
      <subfield code="b"> : EUNSa, Editorial de la Universidad Nacional de Salta</subfield>
      <subfield code="c"> , 2009</subfield>
    </datafield>
    <datafield tag="650" ind1=" " ind2=" ">
      <subfield code="a"> EDUCACION DE ALUMNOS SORDOS</subfield>
    </datafield>
    <datafield tag="650" ind1=" " ind2=" ">
      <subfield code="a"> INTEGRACION ESCOLAR</subfield>
    </datafield>
    <datafield tag="650" ind1=" " ind2=" ">
      <subfield code="a"> LENGUAJE</subfield>
    </datafield>
    <datafield tag="650" ind1=" " ind2=" ">
      <subfield code="a"> COMUNICACION VERBAL</subfield>
    </datafield>
    <datafield tag="650" ind1=" " ind2=" ">
      <subfield code="a"> NECESIDADES EDUCATIVAS ESPECIALES</subfield>
    </datafield>
    <datafield tag="942" ind1=" " ind2=" ">
      <subfield code="c">BK</subfield>
    </datafield>
    <datafield tag="952" ind1=" " ind2=" ">
      <subfield code="a">BIB_RECT</subfield>
      <subfield code="b">BIB_UARG</subfield>
      <subfield code="d">2010-08-30</subfield>
      <subfield code="y">BK</subfield>
      <subfield code="p">05-39700</subfield>
      <subfield code="i">05-39700</subfield>
      <subfield code="g">57</subfield>
      <subfield code="o">376-056.263 S161n</subfield>
      <subfield code="e">Don. Rodríguez, Guillermo-Acuer. 492/10</subfield>
      <subfield code="8">CG</subfield>
    </datafield>
  </record>