
  <record>
    <leader>01000aam  22002601a 4500</leader>
    <controlfield tag="001">YPZ93336</controlfield>
    <controlfield tag="003">YPZ</controlfield>
    <controlfield tag="005">201009021508120</controlfield>
    <controlfield tag="008">100902|###########||||||b||||||||||spa|d</controlfield>
    <datafield tag="020" ind1=" " ind2=" ">
      <subfield code="a">8474329396</subfield>
    </datafield>
    <datafield tag="040" ind1=" " ind2=" ">
      <subfield code="c">SIUNPA</subfield>
    </datafield>
    <datafield tag="041" ind1=" " ind2=" ">
      <subfield code="a">spa</subfield>
    </datafield>
    <datafield tag="044" ind1=" " ind2=" ">
      <subfield code="a">ES</subfield>
    </datafield>
    <datafield tag="080" ind1=" " ind2=" ">
      <subfield code="a">316.344.7 E962e</subfield>
    </datafield>
    <datafield tag="245" ind1=" " ind2=" ">
      <subfield code="a">La exclusión</subfield>
      <subfield code="b"> : bordeando sus fronteras</subfield>
      <subfield code="c"> / Karsz, Saül, comp. ; Autès, Michel, colab. ; Castel, Robert, colab. ; Roche, Richard, colab. ; Sassier, Monique, colab. ; Agoff, Irene, tr.</subfield>
    </datafield>
    <datafield tag="250" ind1=" " ind2=" ">
      <subfield code="a">1a ed.</subfield>
    </datafield>
    <datafield tag="260" ind1=" " ind2=" ">
      <subfield code="a">Barcelona</subfield>
      <subfield code="b"> : Gedisa</subfield>
      <subfield code="c"> , 2004</subfield>
    </datafield>
    <datafield tag="440" ind1=" " ind2=" ">
      <subfield code="a">Serie CLA-DE-MA. Antropología</subfield>
      <subfield code="a">Sociología y política / Siglo XXI</subfield>
      <subfield code="a">Grupo ciencias sociales. Economía|Economía. Serie CLA-DE-MA</subfield>
      <subfield code="a">Ariel sociedad económica</subfield>
      <subfield code="a">Biblioteca de educación. Serie Pedagogía y trabajo social</subfield>
      <subfield code="v">5</subfield>
    </datafield>
    <datafield tag="490" ind1=" " ind2=" ">
      <subfield code="a">Serie CLA-DE-MA. Antropología</subfield>
      <subfield code="a">Sociología y política / Siglo XXI</subfield>
      <subfield code="a">Grupo ciencias sociales. Economía|Economía. Serie CLA-DE-MA</subfield>
      <subfield code="a">Ariel sociedad económica</subfield>
      <subfield code="a">Biblioteca de educación. Serie Pedagogía y trabajo social</subfield>
      <subfield code="v">5</subfield>
    </datafield>
    <datafield tag="500" ind1=" " ind2=" ">
      <subfield code="a">Otro subtít.: Definiciones y matices</subfield>
    </datafield>
    <datafield tag="650" ind1=" " ind2=" ">
      <subfield code="a"> MARGINADOS SOCIALES</subfield>
    </datafield>
    <datafield tag="650" ind1=" " ind2=" ">
      <subfield code="a"> PSICOLOGIA SOCIAL</subfield>
    </datafield>
    <datafield tag="650" ind1=" " ind2=" ">
      <subfield code="a"> PROBLEMA SOCIAL</subfield>
    </datafield>
    <datafield tag="650" ind1=" " ind2=" ">
      <subfield code="a"> ESTRATIFICACION SOCIAL</subfield>
    </datafield>
    <datafield tag="650" ind1=" " ind2=" ">
      <subfield code="a"> DISCRIMINACION</subfield>
    </datafield>
    <datafield tag="942" ind1=" " ind2=" ">
      <subfield code="c">BK</subfield>
    </datafield>
    <datafield tag="952" ind1=" " ind2=" ">
      <subfield code="a">BIB_RECT</subfield>
      <subfield code="b">BIB_UACO</subfield>
      <subfield code="d">2010-09-02</subfield>
      <subfield code="y">BK</subfield>
      <subfield code="p">02-39752</subfield>
      <subfield code="i">02-39752</subfield>
      <subfield code="g">84.1</subfield>
      <subfield code="o">316.344.7 E962e</subfield>
      <subfield code="e">Compra SIUNPA</subfield>
      <subfield code="8">CG</subfield>
    </datafield>
    <datafield tag="952" ind1=" " ind2=" ">
      <subfield code="a">BIB_RECT</subfield>
      <subfield code="b">BIB_UACO</subfield>
      <subfield code="d">2010-09-02</subfield>
      <subfield code="y">BK</subfield>
      <subfield code="p">02-39753</subfield>
      <subfield code="i">02-39753</subfield>
      <subfield code="g">84.1</subfield>
      <subfield code="o">316.344.7 E962e</subfield>
      <subfield code="e">Compra SIUNPA</subfield>
      <subfield code="8">CG</subfield>
    </datafield>
  </record>