
  <record>
    <leader>01000aam  22002601a 4500</leader>
    <controlfield tag="001">YPZ93344</controlfield>
    <controlfield tag="003">YPZ</controlfield>
    <controlfield tag="005">201009030907150</controlfield>
    <controlfield tag="008">100903|###########||||||b||||||||||spa|d</controlfield>
    <datafield tag="020" ind1=" " ind2=" ">
      <subfield code="a">9788448163969</subfield>
    </datafield>
    <datafield tag="040" ind1=" " ind2=" ">
      <subfield code="c">SIUNPA</subfield>
    </datafield>
    <datafield tag="041" ind1=" " ind2=" ">
      <subfield code="a">spa</subfield>
    </datafield>
    <datafield tag="044" ind1=" " ind2=" ">
      <subfield code="a">AR</subfield>
    </datafield>
    <datafield tag="080" ind1=" " ind2=" ">
      <subfield code="a">616-053.9 M449e</subfield>
    </datafield>
    <datafield tag="100" ind1=" " ind2=" ">
      <subfield code="a">Mauk, Kristen L..</subfield>
    </datafield>
    <datafield tag="245" ind1=" " ind2=" ">
      <subfield code="a">Enfermería geriátrica</subfield>
      <subfield code="b"> : competencias asistenciales</subfield>
      <subfield code="c"> / Núñez Fernández, Oliva, tr. ; Sánchez Creus, Pablo, tr. ; Moral de Calatrava, P., revisión de la ed. en español</subfield>
    </datafield>
    <datafield tag="250" ind1=" " ind2=" ">
      <subfield code="a">1a ed. en español</subfield>
    </datafield>
    <datafield tag="260" ind1=" " ind2=" ">
      <subfield code="a">Madrid</subfield>
      <subfield code="b"> : McGraw-Hill/Interamericana de España</subfield>
      <subfield code="c"> , 2008</subfield>
    </datafield>
    <datafield tag="650" ind1=" " ind2=" ">
      <subfield code="a"> GERONTOLOGIA</subfield>
    </datafield>
    <datafield tag="650" ind1=" " ind2=" ">
      <subfield code="a"> PACIENTES GERIATRICOS</subfield>
    </datafield>
    <datafield tag="650" ind1=" " ind2=" ">
      <subfield code="a"> PSICOTERAPIA GERIATRICA</subfield>
    </datafield>
    <datafield tag="650" ind1=" " ind2=" ">
      <subfield code="a"> VEJEZ</subfield>
    </datafield>
    <datafield tag="942" ind1=" " ind2=" ">
      <subfield code="c">BK</subfield>
    </datafield>
    <datafield tag="952" ind1=" " ind2=" ">
      <subfield code="a">BIB_RECT</subfield>
      <subfield code="b">BIB_UASJ</subfield>
      <subfield code="d">2010-09-03</subfield>
      <subfield code="y">BK</subfield>
      <subfield code="p">04-39789</subfield>
      <subfield code="i">04-39789</subfield>
      <subfield code="g">438.7</subfield>
      <subfield code="o">616-053.9 M449e</subfield>
      <subfield code="e">Compra SIUNPA OC 066/10</subfield>
      <subfield code="8">CG</subfield>
    </datafield>
    <datafield tag="952" ind1=" " ind2=" ">
      <subfield code="a">BIB_RECT</subfield>
      <subfield code="b">BIB_UASJ</subfield>
      <subfield code="d">2010-09-03</subfield>
      <subfield code="y">BK</subfield>
      <subfield code="p">04-39790</subfield>
      <subfield code="i">04-39790</subfield>
      <subfield code="g">438.7</subfield>
      <subfield code="o">616-053.9 M449e</subfield>
      <subfield code="e">Compra SIUNPA OC 066/10</subfield>
      <subfield code="8">CG</subfield>
    </datafield>
    <datafield tag="952" ind1=" " ind2=" ">
      <subfield code="a">BIB_RECT</subfield>
      <subfield code="b">BIB_UASJ</subfield>
      <subfield code="d">2010-09-03</subfield>
      <subfield code="y">BK</subfield>
      <subfield code="p">04-39791</subfield>
      <subfield code="i">04-39791</subfield>
      <subfield code="g">438.7</subfield>
      <subfield code="o">616-053.9 M449e</subfield>
      <subfield code="e">Compra SIUNPA OC 066/10</subfield>
      <subfield code="8">CG</subfield>
    </datafield>
    <datafield tag="952" ind1=" " ind2=" ">
      <subfield code="a">BIB_RECT</subfield>
      <subfield code="b">BIB_UASJ</subfield>
      <subfield code="d">2013-02-26</subfield>
      <subfield code="y">BK</subfield>
      <subfield code="p">04-43937</subfield>
      <subfield code="i">04-43937</subfield>
      <subfield code="g">870</subfield>
      <subfield code="o">616-053.9 M449e</subfield>
      <subfield code="e">Compra SIUNPA</subfield>
      <subfield code="8">CG</subfield>
    </datafield>
    <datafield tag="952" ind1=" " ind2=" ">
      <subfield code="a">BIB_RECT</subfield>
      <subfield code="b">BIB_UASJ</subfield>
      <subfield code="d">2013-02-26</subfield>
      <subfield code="y">BK</subfield>
      <subfield code="p">04-43938</subfield>
      <subfield code="i">04-43938</subfield>
      <subfield code="g">870</subfield>
      <subfield code="o">616-053.9 M449e</subfield>
      <subfield code="e">Compra SIUNPA</subfield>
      <subfield code="8">CG</subfield>
    </datafield>
    <datafield tag="952" ind1=" " ind2=" ">
      <subfield code="a">BIB_RECT</subfield>
      <subfield code="b">SAT_PBNA</subfield>
      <subfield code="d">2012-10-04</subfield>
      <subfield code="y">BK</subfield>
      <subfield code="p">11-43201</subfield>
      <subfield code="i">11-43201</subfield>
      <subfield code="g">1392</subfield>
      <subfield code="o">616-053.9 M449e</subfield>
      <subfield code="e">Compra SIUNPA</subfield>
      <subfield code="8">CG</subfield>
    </datafield>
  </record>