
  <record>
    <leader>01000aam  22002601a 4500</leader>
    <controlfield tag="001">YPZ93347</controlfield>
    <controlfield tag="003">YPZ</controlfield>
    <controlfield tag="005">201009031120270</controlfield>
    <controlfield tag="008">100903|###########||||||b||||||||||spa|d</controlfield>
    <datafield tag="020" ind1=" " ind2=" ">
      <subfield code="a">8449313228</subfield>
    </datafield>
    <datafield tag="040" ind1=" " ind2=" ">
      <subfield code="c">SIUNPA</subfield>
    </datafield>
    <datafield tag="041" ind1=" " ind2=" ">
      <subfield code="a">spa</subfield>
    </datafield>
    <datafield tag="044" ind1=" " ind2=" ">
      <subfield code="a">ES</subfield>
    </datafield>
    <datafield tag="080" ind1=" " ind2=" ">
      <subfield code="a">316.42 G562g</subfield>
    </datafield>
    <datafield tag="245" ind1=" " ind2=" ">
      <subfield code="a">Globalizaciones múltiples</subfield>
      <subfield code="b"> : la diversidad cultural en el mundo contemporáneo</subfield>
      <subfield code="c"> / Berger, Peter L., comp. ; Huntington, Samuel P., comp. ; Santos Mosquera, Albino, tr.</subfield>
    </datafield>
    <datafield tag="260" ind1=" " ind2=" ">
      <subfield code="a">Barcelona</subfield>
      <subfield code="b"> : Paidós</subfield>
      <subfield code="c"> , 2002</subfield>
    </datafield>
    <datafield tag="440" ind1=" " ind2=" ">
      <subfield code="a">Voces de la educación</subfield>
      <subfield code="a">Ariel sociedad económica</subfield>
      <subfield code="a">Colección estructuras y procesos. Serie Antropología</subfield>
      <subfield code="a">Ariel sociedad económica</subfield>
      <subfield code="a">Elsevier enfermería práctica</subfield>
      <subfield code="a">Paidós Estado y sociedad</subfield>
      <subfield code="v">104</subfield>
    </datafield>
    <datafield tag="490" ind1=" " ind2=" ">
      <subfield code="a">Voces de la educación</subfield>
      <subfield code="a">Ariel sociedad económica</subfield>
      <subfield code="a">Colección estructuras y procesos. Serie Antropología</subfield>
      <subfield code="a">Ariel sociedad económica</subfield>
      <subfield code="a">Elsevier enfermería práctica</subfield>
      <subfield code="a">Paidós Estado y sociedad</subfield>
      <subfield code="v">104</subfield>
    </datafield>
    <datafield tag="650" ind1=" " ind2=" ">
      <subfield code="a"> GLOBALIZACION</subfield>
    </datafield>
    <datafield tag="650" ind1=" " ind2=" ">
      <subfield code="a"> CULTURA</subfield>
    </datafield>
    <datafield tag="650" ind1=" " ind2=" ">
      <subfield code="a"> CAMBIO CULTURAL</subfield>
    </datafield>
    <datafield tag="650" ind1=" " ind2=" ">
      <subfield code="a"> CAMBIO SOCIAL</subfield>
    </datafield>
    <datafield tag="942" ind1=" " ind2=" ">
      <subfield code="c">BK</subfield>
    </datafield>
    <datafield tag="952" ind1=" " ind2=" ">
      <subfield code="a">BIB_RECT</subfield>
      <subfield code="b">BIB_UASJ</subfield>
      <subfield code="d">2010-09-15</subfield>
      <subfield code="y">BK</subfield>
      <subfield code="p">04-39784</subfield>
      <subfield code="i">04-39784</subfield>
      <subfield code="g">109.8</subfield>
      <subfield code="o">316.42 G562g</subfield>
      <subfield code="e">Compra SIUNPA OC 066/10</subfield>
      <subfield code="8">CG</subfield>
    </datafield>
  </record>