
  <record>
    <leader>01000aam  22002601a 4500</leader>
    <controlfield tag="001">YPZ93366</controlfield>
    <controlfield tag="003">YPZ</controlfield>
    <controlfield tag="005">201009071455170</controlfield>
    <controlfield tag="008">100907|###########||||||b||||||||||spa|d</controlfield>
    <datafield tag="020" ind1=" " ind2=" ">
      <subfield code="a">9789876290012</subfield>
    </datafield>
    <datafield tag="040" ind1=" " ind2=" ">
      <subfield code="c">SIUNPA</subfield>
    </datafield>
    <datafield tag="041" ind1=" " ind2=" ">
      <subfield code="a">spa</subfield>
    </datafield>
    <datafield tag="044" ind1=" " ind2=" ">
      <subfield code="a">AR</subfield>
    </datafield>
    <datafield tag="080" ind1=" " ind2=" ">
      <subfield code="a">37.013 F866p2</subfield>
    </datafield>
    <datafield tag="100" ind1=" " ind2=" ">
      <subfield code="a">Freire, Paulo.</subfield>
    </datafield>
    <datafield tag="245" ind1=" " ind2=" ">
      <subfield code="a">Pedagogía de la esperanza</subfield>
      <subfield code="b"> : un reencuentro con la pedagogía del oprimido</subfield>
      <subfield code="c"> / Nuñez Hurtado, Carlos, pról. ; Araújo Freire, Ana María, notas ; Mastrángelo, Stella, tr.</subfield>
    </datafield>
    <datafield tag="250" ind1=" " ind2=" ">
      <subfield code="a">2a ed.</subfield>
    </datafield>
    <datafield tag="260" ind1=" " ind2=" ">
      <subfield code="a">Buenos Aires</subfield>
      <subfield code="b"> : Siglo Veintiuno</subfield>
      <subfield code="c"> , 2008</subfield>
    </datafield>
    <datafield tag="650" ind1=" " ind2=" ">
      <subfield code="a"> PEDAGOGIA</subfield>
    </datafield>
    <datafield tag="650" ind1=" " ind2=" ">
      <subfield code="a"> PROCESOS PSICOPEDAGOGICOS</subfield>
    </datafield>
    <datafield tag="650" ind1=" " ind2=" ">
      <subfield code="a"> TEORIAS DE LA EDUCACION</subfield>
    </datafield>
    <datafield tag="650" ind1=" " ind2=" ">
      <subfield code="a"> AMERICA LATINA</subfield>
    </datafield>
    <datafield tag="942" ind1=" " ind2=" ">
      <subfield code="c">BK</subfield>
    </datafield>
    <datafield tag="952" ind1=" " ind2=" ">
      <subfield code="a">BIB_RECT</subfield>
      <subfield code="b">BIB_UACO</subfield>
      <subfield code="d">2011-09-02</subfield>
      <subfield code="y">BK</subfield>
      <subfield code="p">02-41338</subfield>
      <subfield code="i">02-41338</subfield>
      <subfield code="g">48</subfield>
      <subfield code="o">37.013 F866p2</subfield>
      <subfield code="e">Compra SIUNPA</subfield>
      <subfield code="8">CG</subfield>
    </datafield>
    <datafield tag="952" ind1=" " ind2=" ">
      <subfield code="a">BIB_RECT</subfield>
      <subfield code="b">BIB_UACO</subfield>
      <subfield code="d">2011-09-02</subfield>
      <subfield code="y">BK</subfield>
      <subfield code="p">02-41339</subfield>
      <subfield code="i">02-41339</subfield>
      <subfield code="g">48</subfield>
      <subfield code="o">37.013 F866p2</subfield>
      <subfield code="e">Compra SIUNPA</subfield>
      <subfield code="8">CG</subfield>
    </datafield>
    <datafield tag="952" ind1=" " ind2=" ">
      <subfield code="a">BIB_RECT</subfield>
      <subfield code="b">BIB_UARG</subfield>
      <subfield code="d">2010-09-07</subfield>
      <subfield code="y">BK</subfield>
      <subfield code="p">05-39832</subfield>
      <subfield code="i">05-39832</subfield>
      <subfield code="g">39.8</subfield>
      <subfield code="o">37.013 F866p2</subfield>
      <subfield code="e">Compra SIUNPA OC 066/10</subfield>
      <subfield code="8">CG</subfield>
    </datafield>
    <datafield tag="952" ind1=" " ind2=" ">
      <subfield code="a">BIB_RECT</subfield>
      <subfield code="b">BIB_UARG</subfield>
      <subfield code="d">2010-09-07</subfield>
      <subfield code="y">BK</subfield>
      <subfield code="p">05-39833</subfield>
      <subfield code="i">05-39833</subfield>
      <subfield code="g">39.8</subfield>
      <subfield code="o">37.013 F866p2</subfield>
      <subfield code="e">Compra SIUNPA OC 066/10</subfield>
      <subfield code="8">CG</subfield>
    </datafield>
    <datafield tag="952" ind1=" " ind2=" ">
      <subfield code="a">BIB_RECT</subfield>
      <subfield code="b">BIB_UARG</subfield>
      <subfield code="d">2010-09-07</subfield>
      <subfield code="y">BK</subfield>
      <subfield code="p">05-39834</subfield>
      <subfield code="i">05-39834</subfield>
      <subfield code="g">39.8</subfield>
      <subfield code="o">37.013 F866p2</subfield>
      <subfield code="e">Compra SIUNPA OC 066/10</subfield>
      <subfield code="8">CG</subfield>
    </datafield>
    <datafield tag="952" ind1=" " ind2=" ">
      <subfield code="a">BIB_RECT</subfield>
      <subfield code="b">BIB_UARG</subfield>
      <subfield code="d">2010-09-07</subfield>
      <subfield code="y">BK</subfield>
      <subfield code="p">05-39835</subfield>
      <subfield code="i">05-39835</subfield>
      <subfield code="g">39.8</subfield>
      <subfield code="o">37.013 F866p2</subfield>
      <subfield code="e">Compra SIUNPA OC 066/10</subfield>
      <subfield code="8">CG</subfield>
    </datafield>
    <datafield tag="952" ind1=" " ind2=" ">
      <subfield code="a">BIB_RECT</subfield>
      <subfield code="b">BIB_UARG</subfield>
      <subfield code="d">2010-09-07</subfield>
      <subfield code="y">BK</subfield>
      <subfield code="p">05-39836</subfield>
      <subfield code="i">05-39836</subfield>
      <subfield code="g">39.8</subfield>
      <subfield code="o">37.013 F866p2</subfield>
      <subfield code="e">Compra SIUNPA OC 066/10</subfield>
      <subfield code="8">CG</subfield>
    </datafield>
  </record>