
  <record>
    <leader>01000aam  22002601a 4500</leader>
    <controlfield tag="001">YPZ93367</controlfield>
    <controlfield tag="003">YPZ</controlfield>
    <controlfield tag="005">201009071457340</controlfield>
    <controlfield tag="008">100907|###########||||||b||||||||||spa|d</controlfield>
    <datafield tag="020" ind1=" " ind2=" ">
      <subfield code="a">9789501221770</subfield>
    </datafield>
    <datafield tag="040" ind1=" " ind2=" ">
      <subfield code="c">SIUNPA</subfield>
    </datafield>
    <datafield tag="041" ind1=" " ind2=" ">
      <subfield code="a">spa</subfield>
    </datafield>
    <datafield tag="044" ind1=" " ind2=" ">
      <subfield code="a">AR</subfield>
    </datafield>
    <datafield tag="080" ind1=" " ind2=" ">
      <subfield code="a">37.015.4 C797p</subfield>
    </datafield>
    <datafield tag="100" ind1=" " ind2=" ">
      <subfield code="a">Corea, Cristina.</subfield>
    </datafield>
    <datafield tag="700" ind1=" " ind2=" ">
      <subfield code="a">Lewkowicz, Ignacio.</subfield>
    </datafield>
    <datafield tag="245" ind1=" " ind2=" ">
      <subfield code="a">Pedagogía del aburrido</subfield>
      <subfield code="b"> : escuelas destituidas, familias perplejas</subfield>
      <subfield code="c"> / Cantarelli, Mariana pról.</subfield>
    </datafield>
    <datafield tag="250" ind1=" " ind2=" ">
      <subfield code="a">1a ed.</subfield>
    </datafield>
    <datafield tag="260" ind1=" " ind2=" ">
      <subfield code="a">Buenos Aires</subfield>
      <subfield code="b"> : Paidós</subfield>
      <subfield code="c"> , c2004</subfield>
    </datafield>
    <datafield tag="440" ind1=" " ind2=" ">
      <subfield code="a">Ariel patrimonio</subfield>
      <subfield code="a">Biblioteca clásica de Siglo Veintiuno</subfield>
      <subfield code="a">Colección Estructuras y procesos. Serie Filosofía</subfield>
      <subfield code="a">Historia y cultura. Serie el pasado presente</subfield>
      <subfield code="a">Biblioteca clásica de Siglo Veintiuno</subfield>
      <subfield code="a">Biblioteca clásica de Siglo Veintiuno</subfield>
      <subfield code="a">Biblioteca clásica de Siglo Veintiuno</subfield>
      <subfield code="a">Paidós educador</subfield>
      <subfield code="v">177</subfield>
    </datafield>
    <datafield tag="490" ind1=" " ind2=" ">
      <subfield code="a">Ariel patrimonio</subfield>
      <subfield code="a">Biblioteca clásica de Siglo Veintiuno</subfield>
      <subfield code="a">Colección Estructuras y procesos. Serie Filosofía</subfield>
      <subfield code="a">Historia y cultura. Serie el pasado presente</subfield>
      <subfield code="a">Biblioteca clásica de Siglo Veintiuno</subfield>
      <subfield code="a">Biblioteca clásica de Siglo Veintiuno</subfield>
      <subfield code="a">Biblioteca clásica de Siglo Veintiuno</subfield>
      <subfield code="a">Paidós educador</subfield>
      <subfield code="v">177</subfield>
    </datafield>
    <datafield tag="500" ind1=" " ind2=" ">
      <subfield code="a">El año de reimpresión varía según el ejemplar</subfield>
    </datafield>
    <datafield tag="650" ind1=" " ind2=" ">
      <subfield code="a"> SOCIOLOGIA DE LA EDUCACION</subfield>
    </datafield>
    <datafield tag="650" ind1=" " ind2=" ">
      <subfield code="a"> PEDAGOGIA</subfield>
    </datafield>
    <datafield tag="942" ind1=" " ind2=" ">
      <subfield code="c">BK</subfield>
    </datafield>
    <datafield tag="952" ind1=" " ind2=" ">
      <subfield code="a">BIB_RECT</subfield>
      <subfield code="b">BIB_UACO</subfield>
      <subfield code="d">2011-09-28</subfield>
      <subfield code="y">BK</subfield>
      <subfield code="p">02-41558</subfield>
      <subfield code="i">02-41558</subfield>
      <subfield code="g">60.5</subfield>
      <subfield code="o">37.015.4 C797p</subfield>
      <subfield code="e">Compra SIUNPA</subfield>
      <subfield code="8">CG</subfield>
    </datafield>
    <datafield tag="952" ind1=" " ind2=" ">
      <subfield code="a">BIB_RECT</subfield>
      <subfield code="b">BIB_UACO</subfield>
      <subfield code="d">2011-09-28</subfield>
      <subfield code="y">BK</subfield>
      <subfield code="p">02-41559</subfield>
      <subfield code="i">02-41559</subfield>
      <subfield code="g">60.5</subfield>
      <subfield code="o">37.015.4 C797p</subfield>
      <subfield code="e">Compra SIUNPA</subfield>
      <subfield code="8">CG</subfield>
    </datafield>
    <datafield tag="952" ind1=" " ind2=" ">
      <subfield code="a">BIB_RECT</subfield>
      <subfield code="b">BIB_UARG</subfield>
      <subfield code="d">2010-09-07</subfield>
      <subfield code="y">BK</subfield>
      <subfield code="p">05-39837</subfield>
      <subfield code="i">05-39837</subfield>
      <subfield code="g">42.4</subfield>
      <subfield code="o">37.015.4 C797p</subfield>
      <subfield code="e">Compra SIUNPA</subfield>
      <subfield code="8">CG</subfield>
    </datafield>
    <datafield tag="952" ind1=" " ind2=" ">
      <subfield code="a">BIB_RECT</subfield>
      <subfield code="b">BIB_UARG</subfield>
      <subfield code="d">2010-09-07</subfield>
      <subfield code="y">BK</subfield>
      <subfield code="p">05-39838</subfield>
      <subfield code="i">05-39838</subfield>
      <subfield code="g">42.4</subfield>
      <subfield code="o">37.015.4 C797p</subfield>
      <subfield code="e">Compra SIUNPA</subfield>
      <subfield code="8">CG</subfield>
    </datafield>
    <datafield tag="952" ind1=" " ind2=" ">
      <subfield code="a">BIB_RECT</subfield>
      <subfield code="b">BIB_UARG</subfield>
      <subfield code="d">2010-09-07</subfield>
      <subfield code="y">BK</subfield>
      <subfield code="p">05-39839</subfield>
      <subfield code="i">05-39839</subfield>
      <subfield code="g">42.4</subfield>
      <subfield code="o">37.015.4 C797p</subfield>
      <subfield code="e">Compra SIUNPA</subfield>
      <subfield code="8">CG</subfield>
    </datafield>
    <datafield tag="952" ind1=" " ind2=" ">
      <subfield code="a">BIB_RECT</subfield>
      <subfield code="b">BIB_UARG</subfield>
      <subfield code="d">2010-09-07</subfield>
      <subfield code="y">BK</subfield>
      <subfield code="p">05-39840</subfield>
      <subfield code="i">05-39840</subfield>
      <subfield code="g">42.4</subfield>
      <subfield code="o">37.015.4 C797p</subfield>
      <subfield code="e">Compra SIUNPA</subfield>
      <subfield code="8">CG</subfield>
    </datafield>
    <datafield tag="952" ind1=" " ind2=" ">
      <subfield code="a">BIB_RECT</subfield>
      <subfield code="b">BIB_UARG</subfield>
      <subfield code="d">2013-05-22</subfield>
      <subfield code="y">BK</subfield>
      <subfield code="p">05-44743</subfield>
      <subfield code="i">05-44743</subfield>
      <subfield code="g">116</subfield>
      <subfield code="o">37.015.4 C797p</subfield>
      <subfield code="e">Mansilla-PI 28 A283-1</subfield>
      <subfield code="8">CG</subfield>
    </datafield>
  </record>