
  <record>
    <leader>01000aam  22002601a 4500</leader>
    <controlfield tag="001">YPZ93377</controlfield>
    <controlfield tag="003">YPZ</controlfield>
    <controlfield tag="005">201009091538300</controlfield>
    <controlfield tag="008">100909|###########||||||b||||||||||spa|d</controlfield>
    <datafield tag="020" ind1=" " ind2=" ">
      <subfield code="a">9501277216</subfield>
    </datafield>
    <datafield tag="040" ind1=" " ind2=" ">
      <subfield code="c">SIUNPA</subfield>
    </datafield>
    <datafield tag="041" ind1=" " ind2=" ">
      <subfield code="a">spa</subfield>
    </datafield>
    <datafield tag="044" ind1=" " ind2=" ">
      <subfield code="a">AR</subfield>
    </datafield>
    <datafield tag="080" ind1=" " ind2=" ">
      <subfield code="a">94(82) R455a3</subfield>
    </datafield>
    <datafield tag="100" ind1=" " ind2=" ">
      <subfield code="a">Rex González, Alberto.</subfield>
    </datafield>
    <datafield tag="700" ind1=" " ind2=" ">
      <subfield code="a">Pérez, José A..</subfield>
    </datafield>
    <datafield tag="245" ind1=" " ind2=" ">
      <subfield code="a">Argentina indígena</subfield>
      <subfield code="b"> : vísperas de la conquista</subfield>
    </datafield>
    <datafield tag="250" ind1=" " ind2=" ">
      <subfield code="a">3a ed.</subfield>
    </datafield>
    <datafield tag="260" ind1=" " ind2=" ">
      <subfield code="a">Buenos Aires</subfield>
      <subfield code="b"> : Paidós</subfield>
      <subfield code="c"> , 2000</subfield>
    </datafield>
    <datafield tag="440" ind1=" " ind2=" ">
      <subfield code="a">Ensayistas de hoy</subfield>
      <subfield code="a">Tesis / Biblos</subfield>
      <subfield code="a">Los grandes pensadores</subfield>
      <subfield code="a">Biblioteca Jorge Luis Borges</subfield>
      <subfield code="a">Ariel Ciencia</subfield>
      <subfield code="a">Obras completas de Jorge Luis Borges</subfield>
      <subfield code="a">Historia argentina / Paidós</subfield>
      <subfield code="v">1</subfield>
    </datafield>
    <datafield tag="490" ind1=" " ind2=" ">
      <subfield code="a">Ensayistas de hoy</subfield>
      <subfield code="a">Tesis / Biblos</subfield>
      <subfield code="a">Los grandes pensadores</subfield>
      <subfield code="a">Biblioteca Jorge Luis Borges</subfield>
      <subfield code="a">Ariel Ciencia</subfield>
      <subfield code="a">Obras completas de Jorge Luis Borges</subfield>
      <subfield code="a">Historia argentina / Paidós</subfield>
      <subfield code="v">1</subfield>
    </datafield>
    <datafield tag="650" ind1=" " ind2=" ">
      <subfield code="a"> HISTORIA ARGENTINA</subfield>
    </datafield>
    <datafield tag="650" ind1=" " ind2=" ">
      <subfield code="a"> ANTROPOLOGIA CULTURAL</subfield>
    </datafield>
    <datafield tag="650" ind1=" " ind2=" ">
      <subfield code="a"> INDIGENAS</subfield>
    </datafield>
    <datafield tag="942" ind1=" " ind2=" ">
      <subfield code="c">BK</subfield>
    </datafield>
    <datafield tag="952" ind1=" " ind2=" ">
      <subfield code="a">BIB_RECT</subfield>
      <subfield code="b">BIB_UARG</subfield>
      <subfield code="d">2010-09-09</subfield>
      <subfield code="y">BK</subfield>
      <subfield code="p">05-13620</subfield>
      <subfield code="i">05-13620</subfield>
      <subfield code="g">42</subfield>
      <subfield code="o">94(82) R455a3</subfield>
      <subfield code="e">FOMEC 585</subfield>
      <subfield code="8">CG</subfield>
    </datafield>
  </record>