
  <record>
    <leader>01000aam  22002601a 4500</leader>
    <controlfield tag="001">YPZ93421</controlfield>
    <controlfield tag="003">YPZ</controlfield>
    <controlfield tag="005">201009201550440</controlfield>
    <controlfield tag="008">100920|###########||||||b||||||||||spa|d</controlfield>
    <datafield tag="020" ind1=" " ind2=" ">
      <subfield code="a">9789871501113</subfield>
    </datafield>
    <datafield tag="040" ind1=" " ind2=" ">
      <subfield code="c">SIUNPA</subfield>
    </datafield>
    <datafield tag="041" ind1=" " ind2=" ">
      <subfield code="a">spa</subfield>
    </datafield>
    <datafield tag="044" ind1=" " ind2=" ">
      <subfield code="a">AR</subfield>
    </datafield>
    <datafield tag="080" ind1=" " ind2=" ">
      <subfield code="a">7.01 B468e</subfield>
    </datafield>
    <datafield tag="100" ind1=" " ind2=" ">
      <subfield code="a">Benjamin, Walter.</subfield>
    </datafield>
    <datafield tag="245" ind1=" " ind2=" ">
      <subfield code="a">Estética y política</subfield>
      <subfield code="c"> / Bartoletti, Tomás Joaquín, tr. ; Fava, Julián, tr. ; Buchenhorst, Ralph, pref.</subfield>
    </datafield>
    <datafield tag="250" ind1=" " ind2=" ">
      <subfield code="a">1a ed.</subfield>
    </datafield>
    <datafield tag="260" ind1=" " ind2=" ">
      <subfield code="a">Buenos Aires</subfield>
      <subfield code="b"> : Las Cuarenta</subfield>
      <subfield code="c"> , 2009</subfield>
    </datafield>
    <datafield tag="440" ind1=" " ind2=" ">
      <subfield code="a">Ediciones previas</subfield>
      <subfield code="a">Papelitos del pajarito remendado</subfield>
      <subfield code="a">La mar de cuentos</subfield>
      <subfield code="a">Mitología griega</subfield>
      <subfield code="a">La mar de cuentos</subfield>
      <subfield code="a">La mar de cuentos</subfield>
      <subfield code="a">La mar de cuentos</subfield>
      <subfield code="a">Colección fundación telefónica</subfield>
      <subfield code="a">Colección Mitma</subfield>
      <subfield code="v">7</subfield>
    </datafield>
    <datafield tag="490" ind1=" " ind2=" ">
      <subfield code="a">Ediciones previas</subfield>
      <subfield code="a">Papelitos del pajarito remendado</subfield>
      <subfield code="a">La mar de cuentos</subfield>
      <subfield code="a">Mitología griega</subfield>
      <subfield code="a">La mar de cuentos</subfield>
      <subfield code="a">La mar de cuentos</subfield>
      <subfield code="a">La mar de cuentos</subfield>
      <subfield code="a">Colección fundación telefónica</subfield>
      <subfield code="a">Colección Mitma</subfield>
      <subfield code="v">7</subfield>
    </datafield>
    <datafield tag="650" ind1=" " ind2=" ">
      <subfield code="a"> FILOSOFIA DEL ARTE</subfield>
    </datafield>
    <datafield tag="650" ind1=" " ind2=" ">
      <subfield code="a"> FILOSOFIA </subfield>
    </datafield>
    <datafield tag="650" ind1=" " ind2=" ">
      <subfield code="a"> TEORIA DEL ARTE</subfield>
    </datafield>
    <datafield tag="650" ind1=" " ind2=" ">
      <subfield code="a"> ESTETICA</subfield>
    </datafield>
    <datafield tag="650" ind1=" " ind2=" ">
      <subfield code="a"> FILOSOFIA DE LA HISTORIA</subfield>
    </datafield>
    <datafield tag="942" ind1=" " ind2=" ">
      <subfield code="c">BK</subfield>
    </datafield>
    <datafield tag="952" ind1=" " ind2=" ">
      <subfield code="a">BIB_RECT</subfield>
      <subfield code="b">BIB_UARG</subfield>
      <subfield code="d">2010-09-20</subfield>
      <subfield code="y">BK</subfield>
      <subfield code="p">05-39885</subfield>
      <subfield code="i">05-39885</subfield>
      <subfield code="g">30</subfield>
      <subfield code="o">7.01 B468e</subfield>
      <subfield code="e">PI 29/A215</subfield>
      <subfield code="8">CG</subfield>
    </datafield>
  </record>