
  <record>
    <leader>01000aam  22002601a 4500</leader>
    <controlfield tag="001">YPZ93452</controlfield>
    <controlfield tag="003">YPZ</controlfield>
    <controlfield tag="005">201009271459580</controlfield>
    <controlfield tag="008">100927|###########||||||b||||||||||spa|d</controlfield>
    <datafield tag="020" ind1=" " ind2=" ">
      <subfield code="a">968162940X</subfield>
    </datafield>
    <datafield tag="040" ind1=" " ind2=" ">
      <subfield code="c">SIUNPA</subfield>
    </datafield>
    <datafield tag="041" ind1=" " ind2=" ">
      <subfield code="a">spa</subfield>
    </datafield>
    <datafield tag="044" ind1=" " ind2=" ">
      <subfield code="a">MX</subfield>
    </datafield>
    <datafield tag="080" ind1=" " ind2=" ">
      <subfield code="a">339.72.053.1 D485d</subfield>
    </datafield>
    <datafield tag="245" ind1=" " ind2=" ">
      <subfield code="a">Deuda externa, renegociación y ajuste en la América Latina</subfield>
      <subfield code="c"> / Griffith-Jones, Stephany, selección</subfield>
    </datafield>
    <datafield tag="250" ind1=" " ind2=" ">
      <subfield code="a">1a ed.</subfield>
    </datafield>
    <datafield tag="260" ind1=" " ind2=" ">
      <subfield code="a">México, D.F.</subfield>
      <subfield code="b"> : Fondo de Cultura Económica</subfield>
      <subfield code="c"> , 1988</subfield>
    </datafield>
    <datafield tag="440" ind1=" " ind2=" ">
      <subfield code="a">Lumen ensayo</subfield>
      <subfield code="a">Sociología y política / Siglo XXI</subfield>
      <subfield code="a">Teoría / Siglo XXI</subfield>
      <subfield code="a">Case studies in cultural anthropology</subfield>
      <subfield code="a">El trimestre económico. Lecturas</subfield>
      <subfield code="v">61</subfield>
    </datafield>
    <datafield tag="490" ind1=" " ind2=" ">
      <subfield code="a">Lumen ensayo</subfield>
      <subfield code="a">Sociología y política / Siglo XXI</subfield>
      <subfield code="a">Teoría / Siglo XXI</subfield>
      <subfield code="a">Case studies in cultural anthropology</subfield>
      <subfield code="a">El trimestre económico. Lecturas</subfield>
      <subfield code="v">61</subfield>
    </datafield>
    <datafield tag="650" ind1=" " ind2=" ">
      <subfield code="a"> DEUDA EXTERNA</subfield>
    </datafield>
    <datafield tag="650" ind1=" " ind2=" ">
      <subfield code="a"> FINANCIACION DE LA DEUDA</subfield>
    </datafield>
    <datafield tag="650" ind1=" " ind2=" ">
      <subfield code="a"> REDUCCION DE LA DEUDA</subfield>
    </datafield>
    <datafield tag="650" ind1=" " ind2=" ">
      <subfield code="a"> SISTEMA FINANCIERO INTERNACIONAL</subfield>
    </datafield>
    <datafield tag="650" ind1=" " ind2=" ">
      <subfield code="a"> AMERICA LATINA</subfield>
    </datafield>
    <datafield tag="942" ind1=" " ind2=" ">
      <subfield code="c">BK</subfield>
    </datafield>
    <datafield tag="952" ind1=" " ind2=" ">
      <subfield code="a">BIB_RECT</subfield>
      <subfield code="b">BIB_UASJ</subfield>
      <subfield code="d">2010-09-23</subfield>
      <subfield code="y">BK</subfield>
      <subfield code="p">04-39913</subfield>
      <subfield code="i">04-39913</subfield>
      <subfield code="g">65</subfield>
      <subfield code="o">339.72.053.1 D485d</subfield>
      <subfield code="e">Donación México</subfield>
      <subfield code="8">CG</subfield>
    </datafield>
  </record>