
  <record>
    <leader>01000aam  22002601a 4500</leader>
    <controlfield tag="001">YPZ93457</controlfield>
    <controlfield tag="003">YPZ</controlfield>
    <controlfield tag="005">201009281456270</controlfield>
    <controlfield tag="008">100928|###########||||||b||||||||||spa|d</controlfield>
    <datafield tag="020" ind1=" " ind2=" ">
      <subfield code="a">9788483225097 (o.c.)</subfield>
    </datafield>
    <datafield tag="020" ind1=" " ind2=" ">
      <subfield code="a">9788483225073 (v.1)</subfield>
    </datafield>
    <datafield tag="020" ind1=" " ind2=" ">
      <subfield code="a">9788483225080 (v.2)</subfield>
    </datafield>
    <datafield tag="040" ind1=" " ind2=" ">
      <subfield code="c">SIUNPA</subfield>
    </datafield>
    <datafield tag="041" ind1=" " ind2=" ">
      <subfield code="a">spa</subfield>
    </datafield>
    <datafield tag="044" ind1=" " ind2=" ">
      <subfield code="a">ES</subfield>
    </datafield>
    <datafield tag="080" ind1=" " ind2=" ">
      <subfield code="a">616-083 S642t7</subfield>
    </datafield>
    <datafield tag="100" ind1=" " ind2=" ">
      <subfield code="a">Smith, Sandra F..</subfield>
    </datafield>
    <datafield tag="700" ind1=" " ind2=" ">
      <subfield code="a">Duell, Donna J..</subfield>
    </datafield>
    <datafield tag="700" ind1=" " ind2=" ">
      <subfield code="a">Martin, Barbara C..</subfield>
    </datafield>
    <datafield tag="245" ind1=" " ind2=" ">
      <subfield code="a">Técnicas de enfermería clínica</subfield>
      <subfield code="b"> : de las técnicas básicas a las avanzadas. Séptima edición</subfield>
      <subfield code="c"> / Gea consultoría, tr.</subfield>
    </datafield>
    <datafield tag="250" ind1=" " ind2=" ">
      <subfield code="a">7a ed.</subfield>
    </datafield>
    <datafield tag="260" ind1=" " ind2=" ">
      <subfield code="a">Madrid</subfield>
      <subfield code="b"> : Pearson Educación</subfield>
      <subfield code="c"> , 2009</subfield>
    </datafield>
    <datafield tag="300" ind1=" " ind2=" ">
      <subfield code="a">202 p. : </subfield>
      <subfield code="a">168 p. : </subfield>
      <subfield code="a">2 v. : </subfield>
      <subfield code="a">165 p. : </subfield>
      <subfield code="a">299 p. : </subfield>
      <subfield code="a">234 p. : </subfield>
      <subfield code="a">173 p. : </subfield>
      <subfield code="a">582 p. : </subfield>
      <subfield code="a">184 p. : </subfield>
      <subfield code="b">il. ; </subfield>
      <subfield code="a">277 p. : </subfield>
      <subfield code="b">il. ; </subfield>
      <subfield code="a">xx, 789 p. : </subfield>
      <subfield code="b">il. ; </subfield>
      <subfield code="a">xiv, 535 p. : </subfield>
      <subfield code="b">il. ; </subfield>
      <subfield code="a">xxi, 599 p. : </subfield>
      <subfield code="b">il. ; </subfield>
      <subfield code="a">xxii, 281 p. : </subfield>
      <subfield code="b">il. ; </subfield>
      <subfield code="a">xviii, 555 p. : </subfield>
      <subfield code="b">il. ; </subfield>
      <subfield code="a">xi, 388 p. : </subfield>
      <subfield code="b">il. ; </subfield>
      <subfield code="a">xx, 204 p. : </subfield>
      <subfield code="b">il. ; </subfield>
      <subfield code="a">255 p. : </subfield>
      <subfield code="b">il. ; </subfield>
      <subfield code="a">244 p. : </subfield>
      <subfield code="b">il. ; </subfield>
      <subfield code="a">181 p. : </subfield>
      <subfield code="a">140 p. : </subfield>
      <subfield code="a">382 p. : </subfield>
      <subfield code="a">399 p. : </subfield>
      <subfield code="b">il. ; </subfield>
      <subfield code="a">106 p. : </subfield>
      <subfield code="a">195 p. : </subfield>
      <subfield code="b">il. ; </subfield>
      <subfield code="a">248 p. : </subfield>
      <subfield code="b">il. ; </subfield>
      <subfield code="a">246 p. : </subfield>
      <subfield code="a">4 v. : </subfield>
      <subfield code="b">il. ; </subfield>
      <subfield code="a">252 p. : </subfield>
      <subfield code="b">il ; </subfield>
      <subfield code="a">202 p. : </subfield>
      <subfield code="b">il. ; </subfield>
      <subfield code="a">373 p. : </subfield>
      <subfield code="b">cuadros ; </subfield>
      <subfield code="a">396 p.. : </subfield>
      <subfield code="b">il. ; </subfield>
      <subfield code="a">150 p. : </subfield>
      <subfield code="b">il. ; </subfield>
      <subfield code="a">361 p. : </subfield>
      <subfield code="a">334 p. : </subfield>
      <subfield code="a">407 p. : </subfield>
      <subfield code="a">229 p. : </subfield>
      <subfield code="b">il. ; </subfield>
      <subfield code="a">317 p. : </subfield>
      <subfield code="a">207 p. : </subfield>
      <subfield code="b">il. ; </subfield>
      <subfield code="a">215 p. : </subfield>
      <subfield code="a">220 p. : </subfield>
      <subfield code="a">222 p. : </subfield>
      <subfield code="a">323 p. : </subfield>
      <subfield code="a">500 p. : </subfield>
      <subfield code="a">331 p. : </subfield>
      <subfield code="a">xxi, 431 p. : </subfield>
      <subfield code="a">xiv, 412 p. : </subfield>
      <subfield code="a">xxi, 663 p. : </subfield>
      <subfield code="b">il. ; </subfield>
      <subfield code="a">ix, 239 p. : </subfield>
      <subfield code="b">il. ; </subfield>
      <subfield code="a">xxv, 550 p. : </subfield>
      <subfield code="b">il. ; </subfield>
      <subfield code="a">421 p. : </subfield>
      <subfield code="a">x, 309 p. : </subfield>
      <subfield code="a">176 p. : </subfield>
      <subfield code="a">ii, 351 p. : </subfield>
      <subfield code="b">il. ; </subfield>
      <subfield code="a">xxiv, 627 p. : </subfield>
      <subfield code="a">116 p. : </subfield>
      <subfield code="a">xlii, 520, [11] p. : </subfield>
      <subfield code="b">il. ; </subfield>
      <subfield code="a">1752 p. : </subfield>
      <subfield code="a">xxviii, 377 p. : </subfield>
      <subfield code="a">199 p. : </subfield>
      <subfield code="a">xvii, 523 p. : </subfield>
      <subfield code="b">il. ; </subfield>
      <subfield code="a">266 p. : </subfield>
      <subfield code="a">484 p. : </subfield>
      <subfield code="a">466 p. : </subfield>
      <subfield code="b">il. ; </subfield>
      <subfield code="a">258 p. : </subfield>
      <subfield code="a">369 p. : </subfield>
      <subfield code="a">270 p. : </subfield>
      <subfield code="a">230 p. : </subfield>
      <subfield code="a">136 p. : </subfield>
      <subfield code="a">273 p. : </subfield>
      <subfield code="a">214 p. : </subfield>
      <subfield code="a">180 p. : </subfield>
      <subfield code="a">432 p. : </subfield>
      <subfield code="b">il. ; </subfield>
      <subfield code="a">272 p. : </subfield>
      <subfield code="a">249 p. : </subfield>
      <subfield code="a">221 p. : </subfield>
      <subfield code="a">1359 p. : </subfield>
      <subfield code="b">il. ; </subfield>
      <subfield code="a">279 p. : </subfield>
      <subfield code="a">176 p. : </subfield>
      <subfield code="b">il. ; </subfield>
      <subfield code="a">215 p. : </subfield>
      <subfield code="a">464 p. : </subfield>
      <subfield code="b">il. ; </subfield>
      <subfield code="a">74 p. : </subfield>
      <subfield code="a">155 p. : </subfield>
      <subfield code="a">245 p. : </subfield>
      <subfield code="a">571 p. : </subfield>
      <subfield code="b">il. ; </subfield>
      <subfield code="a">283 p. : </subfield>
      <subfield code="b">il. ; </subfield>
      <subfield code="a">14 p. : </subfield>
      <subfield code="b">il. ; </subfield>
      <subfield code="a">31 p. : </subfield>
      <subfield code="b">il. ; </subfield>
      <subfield code="a">31 p. : </subfield>
      <subfield code="b">il. ; </subfield>
      <subfield code="a">31 p. : </subfield>
      <subfield code="b">il. ; </subfield>
      <subfield code="a">31 p. : </subfield>
      <subfield code="b">il. ; </subfield>
      <subfield code="a">31 p. : </subfield>
      <subfield code="b">il. ; </subfield>
      <subfield code="a">31 p. : </subfield>
      <subfield code="b">il. ; </subfield>
      <subfield code="a">94 p. : </subfield>
      <subfield code="a">119 p. : </subfield>
      <subfield code="b">il. ; </subfield>
      <subfield code="a">xx, 236 p. : </subfield>
      <subfield code="b">il. ; </subfield>
      <subfield code="a">158 p. : </subfield>
      <subfield code="a">263 p. : </subfield>
      <subfield code="b">il. ; </subfield>
      <subfield code="a">231 p. : </subfield>
      <subfield code="b">il. ; </subfield>
      <subfield code="a">25 p. : </subfield>
      <subfield code="b">il. ; </subfield>
      <subfield code="a">[173] h. en varias foliaciones : </subfield>
      <subfield code="a">vii, 313 p. : </subfield>
      <subfield code="a">113 p. : </subfield>
      <subfield code="a">436 p. : </subfield>
      <subfield code="b">il. ; </subfield>
      <subfield code="a">329 p. : </subfield>
      <subfield code="b">il. ; </subfield>
      <subfield code="a">224 p. : </subfield>
      <subfield code="a">335 p. : </subfield>
      <subfield code="b">il. ; </subfield>
      <subfield code="a">141 p. : </subfield>
      <subfield code="b">il. ; </subfield>
      <subfield code="a">2 v. : </subfield>
      <subfield code="b">il. ; </subfield>
      <subfield code="e">1 CD-ROM en bolsillo</subfield>
    </datafield>
    <datafield tag="650" ind1=" " ind2=" ">
      <subfield code="a"> ENFERMERIA</subfield>
    </datafield>
    <datafield tag="650" ind1=" " ind2=" ">
      <subfield code="a"> SERVICIOS DE ENFERMERIA</subfield>
    </datafield>
    <datafield tag="650" ind1=" " ind2=" ">
      <subfield code="a"> PRACTICAS DE ENFERMERIA</subfield>
    </datafield>
    <datafield tag="942" ind1=" " ind2=" ">
      <subfield code="c">BK</subfield>
    </datafield>
    <datafield tag="952" ind1=" " ind2=" ">
      <subfield code="a">BIB_RECT</subfield>
      <subfield code="b">BIB_UASJ</subfield>
      <subfield code="d">2010-09-27</subfield>
      <subfield code="y">BK</subfield>
      <subfield code="p">04-39942</subfield>
      <subfield code="i">04-39942</subfield>
      <subfield code="g">220</subfield>
      <subfield code="o">616-083 S642t7</subfield>
      <subfield code="e">Compra SIUNPA</subfield>
      <subfield code="8">CG</subfield>
    </datafield>
    <datafield tag="952" ind1=" " ind2=" ">
      <subfield code="a">BIB_RECT</subfield>
      <subfield code="b">BIB_UASJ</subfield>
      <subfield code="d">2010-09-27</subfield>
      <subfield code="y">BK</subfield>
      <subfield code="p">04-39943</subfield>
      <subfield code="i">04-39943</subfield>
      <subfield code="g">220</subfield>
      <subfield code="o">616-083 S642t7</subfield>
      <subfield code="e">Compra SIUNPA</subfield>
      <subfield code="8">CG</subfield>
    </datafield>
    <datafield tag="952" ind1=" " ind2=" ">
      <subfield code="a">BIB_RECT</subfield>
      <subfield code="b">BIB_UASJ</subfield>
      <subfield code="d">2010-09-27</subfield>
      <subfield code="y">BK</subfield>
      <subfield code="p">04-39944</subfield>
      <subfield code="i">04-39944</subfield>
      <subfield code="g">220</subfield>
      <subfield code="o">616-083 S642t7</subfield>
      <subfield code="e">Compra SIUNPA</subfield>
      <subfield code="8">CG</subfield>
    </datafield>
    <datafield tag="952" ind1=" " ind2=" ">
      <subfield code="a">BIB_RECT</subfield>
      <subfield code="b">BIB_UASJ</subfield>
      <subfield code="d">2010-09-27</subfield>
      <subfield code="y">BK</subfield>
      <subfield code="p">04-39945</subfield>
      <subfield code="i">04-39945</subfield>
      <subfield code="g">220</subfield>
      <subfield code="o">616-083 S642t7</subfield>
      <subfield code="e">Compra SIUNPA</subfield>
      <subfield code="8">CG</subfield>
    </datafield>
  </record>