
  <record>
    <leader>01000aam  22002601a 4500</leader>
    <controlfield tag="001">YPZ93460</controlfield>
    <controlfield tag="003">YPZ</controlfield>
    <controlfield tag="005">201009281549310</controlfield>
    <controlfield tag="008">100928|###########||||||b||||||||||spa|d</controlfield>
    <datafield tag="020" ind1=" " ind2=" ">
      <subfield code="a">9788483224076 (o.c.)</subfield>
    </datafield>
    <datafield tag="020" ind1=" " ind2=" ">
      <subfield code="a">9788483224052 (v.1)</subfield>
    </datafield>
    <datafield tag="020" ind1=" " ind2=" ">
      <subfield code="a">9788483224069 (v.2)</subfield>
    </datafield>
    <datafield tag="040" ind1=" " ind2=" ">
      <subfield code="c">SIUNPA</subfield>
    </datafield>
    <datafield tag="041" ind1=" " ind2=" ">
      <subfield code="a">spa</subfield>
    </datafield>
    <datafield tag="044" ind1=" " ind2=" ">
      <subfield code="a">ES</subfield>
    </datafield>
    <datafield tag="080" ind1=" " ind2=" ">
      <subfield code="a">614.253.5 F981fu8</subfield>
    </datafield>
    <datafield tag="100" ind1=" " ind2=" ">
      <subfield code="a">Berman, Audrey.</subfield>
    </datafield>
    <datafield tag="700" ind1=" " ind2=" ">
      <subfield code="a">Snyder, Shirlee J..</subfield>
    </datafield>
    <datafield tag="700" ind1=" " ind2=" ">
      <subfield code="a">Kozier, Barbara.</subfield>
    </datafield>
    <datafield tag="700" ind1=" " ind2=" ">
      <subfield code="a">... [et al.].</subfield>
    </datafield>
    <datafield tag="245" ind1=" " ind2=" ">
      <subfield code="a">Fundamentos de enfermería</subfield>
      <subfield code="b"> : conceptos, proceso y prácticas. Octava edición</subfield>
      <subfield code="c"> / Gea Consultoría, tr. y rev. técnica ; Morales Rodríguez, Delia S., rev. técnica ; Zárate Grajales, Rosa A., rev. técnica</subfield>
    </datafield>
    <datafield tag="250" ind1=" " ind2=" ">
      <subfield code="a">8a ed.</subfield>
    </datafield>
    <datafield tag="260" ind1=" " ind2=" ">
      <subfield code="a">Madrid</subfield>
      <subfield code="b"> : Prentice Hall</subfield>
      <subfield code="c"> , c2008</subfield>
    </datafield>
    <datafield tag="300" ind1=" " ind2=" ">
      <subfield code="a">2 v. : </subfield>
      <subfield code="b">il. ; </subfield>
      <subfield code="e">1 DVD en bolsillo</subfield>
    </datafield>
    <datafield tag="500" ind1=" " ind2=" ">
      <subfield code="a">El año de reimpresión varía según el ejemplar</subfield>
    </datafield>
    <datafield tag="650" ind1=" " ind2=" ">
      <subfield code="a"> ENFERMERIA</subfield>
    </datafield>
    <datafield tag="942" ind1=" " ind2=" ">
      <subfield code="c">BK</subfield>
    </datafield>
    <datafield tag="952" ind1=" " ind2=" ">
      <subfield code="a">BIB_RECT</subfield>
      <subfield code="b">BIB_UASJ</subfield>
      <subfield code="d">2010-09-27</subfield>
      <subfield code="y">BK</subfield>
      <subfield code="p">04-39937</subfield>
      <subfield code="i">04-39937</subfield>
      <subfield code="g">260</subfield>
      <subfield code="o">614.253.5 F981fu8</subfield>
      <subfield code="e">Compra SIUNPA</subfield>
      <subfield code="8">CG</subfield>
    </datafield>
    <datafield tag="952" ind1=" " ind2=" ">
      <subfield code="a">BIB_RECT</subfield>
      <subfield code="b">BIB_UASJ</subfield>
      <subfield code="d">2010-09-27</subfield>
      <subfield code="y">BK</subfield>
      <subfield code="p">04-39938</subfield>
      <subfield code="i">04-39938</subfield>
      <subfield code="g">260</subfield>
      <subfield code="o">614.253.5 F981fu8</subfield>
      <subfield code="e">Compra SIUNPA</subfield>
      <subfield code="8">CG</subfield>
    </datafield>
    <datafield tag="952" ind1=" " ind2=" ">
      <subfield code="a">BIB_RECT</subfield>
      <subfield code="b">BIB_UASJ</subfield>
      <subfield code="d">2010-09-27</subfield>
      <subfield code="y">BK</subfield>
      <subfield code="p">04-39939</subfield>
      <subfield code="i">04-39939</subfield>
      <subfield code="g">260</subfield>
      <subfield code="o">614.253.5 F981fu8</subfield>
      <subfield code="e">Compra SIUNPA</subfield>
      <subfield code="8">CG</subfield>
    </datafield>
    <datafield tag="952" ind1=" " ind2=" ">
      <subfield code="a">BIB_RECT</subfield>
      <subfield code="b">BIB_UASJ</subfield>
      <subfield code="d">2010-09-27</subfield>
      <subfield code="y">BK</subfield>
      <subfield code="p">04-39940</subfield>
      <subfield code="i">04-39940</subfield>
      <subfield code="g">260</subfield>
      <subfield code="o">614.253.5 F981fu8</subfield>
      <subfield code="e">Compra SIUNPA</subfield>
      <subfield code="8">CG</subfield>
    </datafield>
    <datafield tag="952" ind1=" " ind2=" ">
      <subfield code="a">BIB_RECT</subfield>
      <subfield code="b">BIB_UASJ</subfield>
      <subfield code="d">2012-09-11</subfield>
      <subfield code="y">BK</subfield>
      <subfield code="p">04-43147</subfield>
      <subfield code="i">04-43147</subfield>
      <subfield code="g">413.5</subfield>
      <subfield code="o">614.253.5 F981fu8</subfield>
      <subfield code="e">Compra SIUNPA</subfield>
      <subfield code="8">CG</subfield>
    </datafield>
    <datafield tag="952" ind1=" " ind2=" ">
      <subfield code="a">BIB_RECT</subfield>
      <subfield code="b">BIB_UASJ</subfield>
      <subfield code="d">2012-09-11</subfield>
      <subfield code="y">BK</subfield>
      <subfield code="p">04-43148</subfield>
      <subfield code="i">04-43148</subfield>
      <subfield code="g">413.5</subfield>
      <subfield code="o">614.253.5 F981fu8</subfield>
      <subfield code="e">Compra SIUNPA</subfield>
      <subfield code="8">CG</subfield>
    </datafield>
    <datafield tag="952" ind1=" " ind2=" ">
      <subfield code="a">BIB_RECT</subfield>
      <subfield code="b">BIB_UASJ</subfield>
      <subfield code="d">2012-09-11</subfield>
      <subfield code="y">BK</subfield>
      <subfield code="p">04-43149</subfield>
      <subfield code="i">04-43149</subfield>
      <subfield code="g">413.5</subfield>
      <subfield code="o">614.253.5 F981fu8</subfield>
      <subfield code="e">Compra SIUNPA</subfield>
      <subfield code="8">CG</subfield>
    </datafield>
    <datafield tag="952" ind1=" " ind2=" ">
      <subfield code="a">BIB_RECT</subfield>
      <subfield code="b">BIB_UASJ</subfield>
      <subfield code="d">2012-09-11</subfield>
      <subfield code="y">BK</subfield>
      <subfield code="p">04-43150</subfield>
      <subfield code="i">04-43150</subfield>
      <subfield code="g">413.5</subfield>
      <subfield code="o">614.253.5 F981fu8</subfield>
      <subfield code="e">Compra SIUNPA</subfield>
      <subfield code="8">CG</subfield>
    </datafield>
    <datafield tag="952" ind1=" " ind2=" ">
      <subfield code="a">BIB_RECT</subfield>
      <subfield code="b">BIB_UASJ</subfield>
      <subfield code="d">2012-09-11</subfield>
      <subfield code="y">BK</subfield>
      <subfield code="p">04-43151</subfield>
      <subfield code="i">04-43151</subfield>
      <subfield code="g">413.5</subfield>
      <subfield code="o">614.253.5 F981fu8</subfield>
      <subfield code="e">Compra SIUNPA</subfield>
      <subfield code="8">CG</subfield>
    </datafield>
    <datafield tag="952" ind1=" " ind2=" ">
      <subfield code="a">BIB_RECT</subfield>
      <subfield code="b">BIB_UASJ</subfield>
      <subfield code="d">2012-09-11</subfield>
      <subfield code="y">BK</subfield>
      <subfield code="p">04-43152</subfield>
      <subfield code="i">04-43152</subfield>
      <subfield code="g">413.5</subfield>
      <subfield code="o">614.253.5 F981fu8</subfield>
      <subfield code="e">Compra SIUNPA</subfield>
      <subfield code="8">CG</subfield>
    </datafield>
    <datafield tag="952" ind1=" " ind2=" ">
      <subfield code="a">BIB_RECT</subfield>
      <subfield code="b">SAT_PBNA</subfield>
      <subfield code="d">2012-09-10</subfield>
      <subfield code="y">BK</subfield>
      <subfield code="p">11-43098</subfield>
      <subfield code="i">11-43098</subfield>
      <subfield code="g">413.5</subfield>
      <subfield code="o">614.253.5 F981fu8</subfield>
      <subfield code="e">Compra SIUNPA 058/12</subfield>
      <subfield code="8">CG</subfield>
    </datafield>
    <datafield tag="952" ind1=" " ind2=" ">
      <subfield code="a">BIB_RECT</subfield>
      <subfield code="b">SAT_PBNA</subfield>
      <subfield code="d">2012-09-10</subfield>
      <subfield code="y">BK</subfield>
      <subfield code="p">11-43099</subfield>
      <subfield code="i">11-43099</subfield>
      <subfield code="g">413.5</subfield>
      <subfield code="o">614.253.5 F981fu8</subfield>
      <subfield code="e">Compra SIUNPA 058/12</subfield>
      <subfield code="8">CG</subfield>
    </datafield>
    <datafield tag="952" ind1=" " ind2=" ">
      <subfield code="a">BIB_RECT</subfield>
      <subfield code="b">SAT_PBNA</subfield>
      <subfield code="d">2012-09-10</subfield>
      <subfield code="y">BK</subfield>
      <subfield code="p">11-43100</subfield>
      <subfield code="i">11-43100</subfield>
      <subfield code="g">413.5</subfield>
      <subfield code="o">614.253.5 F981fu8</subfield>
      <subfield code="e">Compra SIUNPA 058/12</subfield>
      <subfield code="8">CG</subfield>
    </datafield>
    <datafield tag="952" ind1=" " ind2=" ">
      <subfield code="a">BIB_RECT</subfield>
      <subfield code="b">SAT_CLFT</subfield>
      <subfield code="d">2012-09-10</subfield>
      <subfield code="y">BK</subfield>
      <subfield code="p">11-43101</subfield>
      <subfield code="i">11-43101</subfield>
      <subfield code="g">413.5</subfield>
      <subfield code="o">614.253.5 F981fu8</subfield>
      <subfield code="e">Compra SIUNPA 058/12</subfield>
      <subfield code="8">CG</subfield>
    </datafield>
    <datafield tag="952" ind1=" " ind2=" ">
      <subfield code="a">BIB_RECT</subfield>
      <subfield code="b">SAT_GREG</subfield>
      <subfield code="d">2011-08-31</subfield>
      <subfield code="y">BK</subfield>
      <subfield code="p">18-41315</subfield>
      <subfield code="i">18-41315</subfield>
      <subfield code="g">598</subfield>
      <subfield code="o">614.253.5 F981fu8</subfield>
      <subfield code="e">Compra SIUNPA</subfield>
      <subfield code="8">CG</subfield>
    </datafield>
    <datafield tag="952" ind1=" " ind2=" ">
      <subfield code="a">BIB_RECT</subfield>
      <subfield code="b">SAT_GREG</subfield>
      <subfield code="d">2011-08-31</subfield>
      <subfield code="y">BK</subfield>
      <subfield code="p">18-41316</subfield>
      <subfield code="i">18-41316</subfield>
      <subfield code="g">598</subfield>
      <subfield code="o">614.253.5 F981fu8</subfield>
      <subfield code="e">Compra SIUNPA</subfield>
      <subfield code="8">CG</subfield>
    </datafield>
    <datafield tag="952" ind1=" " ind2=" ">
      <subfield code="a">BIB_RECT</subfield>
      <subfield code="b">SAT_GREG</subfield>
      <subfield code="d">2011-08-31</subfield>
      <subfield code="y">BK</subfield>
      <subfield code="p">18-41317</subfield>
      <subfield code="i">18-41317</subfield>
      <subfield code="g">598</subfield>
      <subfield code="o">614.253.5 F981fu8</subfield>
      <subfield code="e">Compra SIUNPA</subfield>
      <subfield code="8">CG</subfield>
    </datafield>
    <datafield tag="952" ind1=" " ind2=" ">
      <subfield code="a">BIB_RECT</subfield>
      <subfield code="b">SAT_GREG</subfield>
      <subfield code="d">2011-08-31</subfield>
      <subfield code="y">BK</subfield>
      <subfield code="p">18-41318</subfield>
      <subfield code="i">18-41318</subfield>
      <subfield code="g">598</subfield>
      <subfield code="o">614.253.5 F981fu8</subfield>
      <subfield code="e">Compra SIUNPA</subfield>
      <subfield code="8">CG</subfield>
    </datafield>
  </record>