
  <record>
    <leader>01000aam  22002601a 4500</leader>
    <controlfield tag="001">YPZ93462</controlfield>
    <controlfield tag="003">YPZ</controlfield>
    <controlfield tag="005">201009281722290</controlfield>
    <controlfield tag="008">100928|###########||||||b||||||||||spa|d</controlfield>
    <datafield tag="020" ind1=" " ind2=" ">
      <subfield code="a">9789701512913</subfield>
    </datafield>
    <datafield tag="040" ind1=" " ind2=" ">
      <subfield code="c">SIUNPA</subfield>
    </datafield>
    <datafield tag="041" ind1=" " ind2=" ">
      <subfield code="a">spa</subfield>
    </datafield>
    <datafield tag="044" ind1=" " ind2=" ">
      <subfield code="a">MX</subfield>
    </datafield>
    <datafield tag="080" ind1=" " ind2=" ">
      <subfield code="a">519.2 C313e</subfield>
    </datafield>
    <datafield tag="100" ind1=" " ind2=" ">
      <subfield code="a">Carrascal Arranz, Ursicino.</subfield>
    </datafield>
    <datafield tag="245" ind1=" " ind2=" ">
      <subfield code="a">Estadística descriptiva con Microsoft Excel 2007</subfield>
    </datafield>
    <datafield tag="250" ind1=" " ind2=" ">
      <subfield code="a">1a ed.</subfield>
    </datafield>
    <datafield tag="260" ind1=" " ind2=" ">
      <subfield code="a">México, D.F.</subfield>
      <subfield code="b"> : Ra-Ma</subfield>
      <subfield code="c"> , 2007</subfield>
    </datafield>
    <datafield tag="300" ind1=" " ind2=" ">
      <subfield code="a">xiv, 283 p. : </subfield>
      <subfield code="b">il. ; </subfield>
      <subfield code="a">261 p. : </subfield>
      <subfield code="b">il. ; </subfield>
      <subfield code="e">1 CD-ROM en bolsillo</subfield>
    </datafield>
    <datafield tag="440" ind1=" " ind2=" ">
      <subfield code="a">Biografías Gandesa</subfield>
      <subfield code="a">Serie enfermería</subfield>
      <subfield code="a">Serie enfermería</subfield>
      <subfield code="a">Serie enfermería</subfield>
      <subfield code="a">Serie enfermería</subfield>
      <subfield code="a">Textos monográficos de electrotecnia</subfield>
      <subfield code="a">Microsoft Office</subfield>
      <subfield code="v">1291</subfield>
    </datafield>
    <datafield tag="490" ind1=" " ind2=" ">
      <subfield code="a">Biografías Gandesa</subfield>
      <subfield code="a">Serie enfermería</subfield>
      <subfield code="a">Serie enfermería</subfield>
      <subfield code="a">Serie enfermería</subfield>
      <subfield code="a">Serie enfermería</subfield>
      <subfield code="a">Textos monográficos de electrotecnia</subfield>
      <subfield code="a">Microsoft Office</subfield>
      <subfield code="v">1291</subfield>
    </datafield>
    <datafield tag="650" ind1=" " ind2=" ">
      <subfield code="a"> ESTADISTICA</subfield>
    </datafield>
    <datafield tag="650" ind1=" " ind2=" ">
      <subfield code="a"> PROBABILIDAD</subfield>
    </datafield>
    <datafield tag="650" ind1=" " ind2=" ">
      <subfield code="a"> ANALISIS ESTADISTICO</subfield>
    </datafield>
    <datafield tag="650" ind1=" " ind2=" ">
      <subfield code="a"> EXCEL</subfield>
    </datafield>
    <datafield tag="650" ind1=" " ind2=" ">
      <subfield code="a"> PLANILLAS DE CALCULO</subfield>
    </datafield>
    <datafield tag="942" ind1=" " ind2=" ">
      <subfield code="c">BK</subfield>
    </datafield>
    <datafield tag="952" ind1=" " ind2=" ">
      <subfield code="a">BIB_RECT</subfield>
      <subfield code="b">BIB_UASJ</subfield>
      <subfield code="d">2010-09-27</subfield>
      <subfield code="y">BK</subfield>
      <subfield code="p">04-39928</subfield>
      <subfield code="i">04-39928</subfield>
      <subfield code="g">55</subfield>
      <subfield code="o">519.2 C313e</subfield>
      <subfield code="e">Compra SIUNPA</subfield>
      <subfield code="8">CG</subfield>
    </datafield>
  </record>