
  <record>
    <leader>01000aam  22002601a 4500</leader>
    <controlfield tag="001">YPZ93471</controlfield>
    <controlfield tag="003">YPZ</controlfield>
    <controlfield tag="005">201009301620430</controlfield>
    <controlfield tag="008">100930|###########||||||b||||||||||spa|d</controlfield>
    <datafield tag="020" ind1=" " ind2=" ">
      <subfield code="a">9788495348340</subfield>
    </datafield>
    <datafield tag="040" ind1=" " ind2=" ">
      <subfield code="c">SIUNPA</subfield>
    </datafield>
    <datafield tag="041" ind1=" " ind2=" ">
      <subfield code="a">spa</subfield>
    </datafield>
    <datafield tag="044" ind1=" " ind2=" ">
      <subfield code="a">ES</subfield>
    </datafield>
    <datafield tag="080" ind1=" " ind2=" ">
      <subfield code="a">330.101.541 M278m6</subfield>
    </datafield>
    <datafield tag="100" ind1=" " ind2=" ">
      <subfield code="a">Mankiw, N. Gregory.</subfield>
    </datafield>
    <datafield tag="245" ind1=" " ind2=" ">
      <subfield code="a">Macroeconomía</subfield>
      <subfield code="b"> : sexta edición</subfield>
      <subfield code="c"> / Rabasco, María Esther, tr. ; Toharia, Luis, tr. ; Ciccone, Antonio, adaptación ; Rodríguez, Hugo, adaptación ; Fleiss, Pablo, colab.</subfield>
    </datafield>
    <datafield tag="250" ind1=" " ind2=" ">
      <subfield code="a">6a ed.</subfield>
    </datafield>
    <datafield tag="260" ind1=" " ind2=" ">
      <subfield code="a">Barcelona</subfield>
      <subfield code="b"> : A. Bosch, ed.</subfield>
      <subfield code="c"> , 2008</subfield>
    </datafield>
    <datafield tag="650" ind1=" " ind2=" ">
      <subfield code="a"> MACROECONOMIA</subfield>
    </datafield>
    <datafield tag="942" ind1=" " ind2=" ">
      <subfield code="c">BK</subfield>
    </datafield>
    <datafield tag="952" ind1=" " ind2=" ">
      <subfield code="a">BIB_RECT</subfield>
      <subfield code="b">BIB_UARG</subfield>
      <subfield code="d">2010-09-30</subfield>
      <subfield code="y">BK</subfield>
      <subfield code="p">05-39955</subfield>
      <subfield code="i">05-39955</subfield>
      <subfield code="g">136</subfield>
      <subfield code="o">330.101.541 M278m6</subfield>
      <subfield code="e">Compra SIUNPA</subfield>
      <subfield code="8">CG</subfield>
    </datafield>
    <datafield tag="952" ind1=" " ind2=" ">
      <subfield code="a">BIB_RECT</subfield>
      <subfield code="b">BIB_UARG</subfield>
      <subfield code="d">2010-09-30</subfield>
      <subfield code="y">BK</subfield>
      <subfield code="p">05-39956</subfield>
      <subfield code="i">05-39956</subfield>
      <subfield code="g">136</subfield>
      <subfield code="o">330.101.541 M278m6</subfield>
      <subfield code="e">Compra SIUNPA</subfield>
      <subfield code="8">CG</subfield>
    </datafield>
  </record>