
  <record>
    <leader>01000aam  22002601a 4500</leader>
    <controlfield tag="001">YPZ93476</controlfield>
    <controlfield tag="003">YPZ</controlfield>
    <controlfield tag="005">201010011455520</controlfield>
    <controlfield tag="008">101001|###########||||||b||||||||||spa|d</controlfield>
    <datafield tag="020" ind1=" " ind2=" ">
      <subfield code="a">9789871444038</subfield>
    </datafield>
    <datafield tag="040" ind1=" " ind2=" ">
      <subfield code="c">SIUNPA</subfield>
    </datafield>
    <datafield tag="041" ind1=" " ind2=" ">
      <subfield code="a">spa</subfield>
    </datafield>
    <datafield tag="044" ind1=" " ind2=" ">
      <subfield code="a">AR</subfield>
    </datafield>
    <datafield tag="080" ind1=" " ind2=" ">
      <subfield code="a">316.253 D963d</subfield>
    </datafield>
    <datafield tag="100" ind1=" " ind2=" ">
      <subfield code="a">Durkheim, Émile.</subfield>
    </datafield>
    <datafield tag="245" ind1=" " ind2=" ">
      <subfield code="a">La división del trabajo social</subfield>
      <subfield code="c"> / Annunziata, Rocío, tr. ; Funes, Ernesto, estudio prelim. ; Rinesi, Eduardo, rev. técnica</subfield>
    </datafield>
    <datafield tag="260" ind1=" " ind2=" ">
      <subfield code="a">Buenos Aires</subfield>
      <subfield code="b"> : Gorla</subfield>
      <subfield code="c"> , 2008</subfield>
    </datafield>
    <datafield tag="650" ind1=" " ind2=" ">
      <subfield code="a"> DIVISION DEL TRABAJO</subfield>
    </datafield>
    <datafield tag="650" ind1=" " ind2=" ">
      <subfield code="a"> ESTRUCTURA SOCIAL</subfield>
    </datafield>
    <datafield tag="650" ind1=" " ind2=" ">
      <subfield code="a"> PSICOLOGIA SOCIAL</subfield>
    </datafield>
    <datafield tag="942" ind1=" " ind2=" ">
      <subfield code="c">BK</subfield>
    </datafield>
    <datafield tag="952" ind1=" " ind2=" ">
      <subfield code="a">BIB_RECT</subfield>
      <subfield code="b">BIB_UACO</subfield>
      <subfield code="d">2010-10-01</subfield>
      <subfield code="y">BK</subfield>
      <subfield code="p">02-39982</subfield>
      <subfield code="i">02-39982</subfield>
      <subfield code="g">88</subfield>
      <subfield code="o">316.253 D963d</subfield>
      <subfield code="e">Compra SIUNPA OC 068/10</subfield>
      <subfield code="8">CG</subfield>
    </datafield>
    <datafield tag="952" ind1=" " ind2=" ">
      <subfield code="a">BIB_RECT</subfield>
      <subfield code="b">BIB_UACO</subfield>
      <subfield code="d">2010-10-01</subfield>
      <subfield code="y">BK</subfield>
      <subfield code="p">02-39983</subfield>
      <subfield code="i">02-39983</subfield>
      <subfield code="g">88</subfield>
      <subfield code="o">316.253 D963d</subfield>
      <subfield code="e">Compra SIUNPA OC 068/10</subfield>
      <subfield code="8">CG</subfield>
    </datafield>
    <datafield tag="952" ind1=" " ind2=" ">
      <subfield code="a">BIB_RECT</subfield>
      <subfield code="b">BIB_UACO</subfield>
      <subfield code="d">2010-10-01</subfield>
      <subfield code="y">BK</subfield>
      <subfield code="p">02-39984</subfield>
      <subfield code="i">02-39984</subfield>
      <subfield code="g">88</subfield>
      <subfield code="o">316.253 D963d</subfield>
      <subfield code="e">Compra SIUNPA OC 068/10</subfield>
      <subfield code="8">CG</subfield>
    </datafield>
    <datafield tag="952" ind1=" " ind2=" ">
      <subfield code="a">BIB_RECT</subfield>
      <subfield code="b">BIB_UACO</subfield>
      <subfield code="d">2010-10-01</subfield>
      <subfield code="y">BK</subfield>
      <subfield code="p">02-39985</subfield>
      <subfield code="i">02-39985</subfield>
      <subfield code="g">88</subfield>
      <subfield code="o">316.253 D963d</subfield>
      <subfield code="e">Compra SIUNPA OC 068/10</subfield>
      <subfield code="8">CG</subfield>
    </datafield>
    <datafield tag="952" ind1=" " ind2=" ">
      <subfield code="a">BIB_RECT</subfield>
      <subfield code="b">BIB_UACO</subfield>
      <subfield code="d">2010-10-01</subfield>
      <subfield code="y">BK</subfield>
      <subfield code="p">02-39986</subfield>
      <subfield code="i">02-39986</subfield>
      <subfield code="g">88</subfield>
      <subfield code="o">316.253 D963d</subfield>
      <subfield code="e">Compra SIUNPA OC 068/10</subfield>
      <subfield code="8">CG</subfield>
    </datafield>
  </record>