
  <record>
    <leader>01000aam  22002601a 4500</leader>
    <controlfield tag="001">YPZ93487</controlfield>
    <controlfield tag="003">YPZ</controlfield>
    <controlfield tag="005">201010041737580</controlfield>
    <controlfield tag="008">101004|###########||||||b||||||||||spa|d</controlfield>
    <datafield tag="020" ind1=" " ind2=" ">
      <subfield code="a">9786074420463</subfield>
    </datafield>
    <datafield tag="040" ind1=" " ind2=" ">
      <subfield code="c">SIUNPA</subfield>
    </datafield>
    <datafield tag="041" ind1=" " ind2=" ">
      <subfield code="a">spa</subfield>
    </datafield>
    <datafield tag="044" ind1=" " ind2=" ">
      <subfield code="a">MX</subfield>
    </datafield>
    <datafield tag="080" ind1=" " ind2=" ">
      <subfield code="a">004.451 T164si3</subfield>
    </datafield>
    <datafield tag="100" ind1=" " ind2=" ">
      <subfield code="a">Tanenbaum, Andrew S..</subfield>
    </datafield>
    <datafield tag="245" ind1=" " ind2=" ">
      <subfield code="a">Sistemas operativos modernos</subfield>
      <subfield code="b"> : tercera edición</subfield>
      <subfield code="c"> / Vidal Romero Elizondo, Alfonso, tr. ; Ríos Sánchez, José Ramón, rev. técnica ; Jiménez Govea, Aarón, rev. técnica</subfield>
    </datafield>
    <datafield tag="260" ind1=" " ind2=" ">
      <subfield code="a">Naucalpan de Juárez</subfield>
      <subfield code="b"> : Pearson Educación</subfield>
      <subfield code="c"> , 2009</subfield>
    </datafield>
    <datafield tag="650" ind1=" " ind2=" ">
      <subfield code="a"> SISTEMA OPERATIVO</subfield>
    </datafield>
    <datafield tag="650" ind1=" " ind2=" ">
      <subfield code="a"> DISEÑO DE SISTEMAS</subfield>
    </datafield>
    <datafield tag="942" ind1=" " ind2=" ">
      <subfield code="c">BK</subfield>
    </datafield>
    <datafield tag="952" ind1=" " ind2=" ">
      <subfield code="a">BIB_RECT</subfield>
      <subfield code="b">BIB_UARG</subfield>
      <subfield code="d">2010-10-05</subfield>
      <subfield code="y">BK</subfield>
      <subfield code="p">05-40037</subfield>
      <subfield code="i">05-40037</subfield>
      <subfield code="g">127</subfield>
      <subfield code="o">004.451 T164si3</subfield>
      <subfield code="e">Compra SIUNPA OC 068/10</subfield>
      <subfield code="8">CG</subfield>
    </datafield>
    <datafield tag="952" ind1=" " ind2=" ">
      <subfield code="a">BIB_RECT</subfield>
      <subfield code="b">BIB_UARG</subfield>
      <subfield code="d">2010-10-05</subfield>
      <subfield code="y">BK</subfield>
      <subfield code="p">05-40038</subfield>
      <subfield code="i">05-40038</subfield>
      <subfield code="g">127</subfield>
      <subfield code="o">004.451 T164si3</subfield>
      <subfield code="e">Compra SIUNPA OC 068/10</subfield>
      <subfield code="8">CG</subfield>
    </datafield>
    <datafield tag="952" ind1=" " ind2=" ">
      <subfield code="a">BIB_RECT</subfield>
      <subfield code="b">BIB_UARG</subfield>
      <subfield code="d">2010-10-05</subfield>
      <subfield code="y">BK</subfield>
      <subfield code="p">05-40039</subfield>
      <subfield code="i">05-40039</subfield>
      <subfield code="g">127</subfield>
      <subfield code="o">004.451 T164si3</subfield>
      <subfield code="e">Compra SIUNPA OC 068/10</subfield>
      <subfield code="8">CG</subfield>
    </datafield>
    <datafield tag="952" ind1=" " ind2=" ">
      <subfield code="a">BIB_RECT</subfield>
      <subfield code="b">BIB_UARG</subfield>
      <subfield code="d">2010-10-05</subfield>
      <subfield code="y">BK</subfield>
      <subfield code="p">05-40040</subfield>
      <subfield code="i">05-40040</subfield>
      <subfield code="g">127</subfield>
      <subfield code="o">004.451 T164si3</subfield>
      <subfield code="e">Compra SIUNPA OC 068/10</subfield>
      <subfield code="8">CG</subfield>
    </datafield>
    <datafield tag="952" ind1=" " ind2=" ">
      <subfield code="a">BIB_RECT</subfield>
      <subfield code="b">BIB_UARG</subfield>
      <subfield code="d">2010-10-05</subfield>
      <subfield code="y">BK</subfield>
      <subfield code="p">05-40041</subfield>
      <subfield code="i">05-40041</subfield>
      <subfield code="g">127</subfield>
      <subfield code="o">004.451 T164si3</subfield>
      <subfield code="e">Compra SIUNPA OC 068/10</subfield>
      <subfield code="8">CG</subfield>
    </datafield>
  </record>