
  <record>
    <leader>01000aam  22002601a 4500</leader>
    <controlfield tag="001">YPZ93490</controlfield>
    <controlfield tag="003">YPZ</controlfield>
    <controlfield tag="005">201010051437260</controlfield>
    <controlfield tag="008">101005|###########||||||b||||||||||spa|d</controlfield>
    <datafield tag="020" ind1=" " ind2=" ">
      <subfield code="a">9788429173932</subfield>
    </datafield>
    <datafield tag="040" ind1=" " ind2=" ">
      <subfield code="c">SIUNPA</subfield>
    </datafield>
    <datafield tag="041" ind1=" " ind2=" ">
      <subfield code="a">spa</subfield>
    </datafield>
    <datafield tag="044" ind1=" " ind2=" ">
      <subfield code="a">ES</subfield>
    </datafield>
    <datafield tag="080" ind1=" " ind2=" ">
      <subfield code="a">577.1 M685b</subfield>
    </datafield>
    <datafield tag="100" ind1=" " ind2=" ">
      <subfield code="a">Müller-Esterl, Werner.</subfield>
    </datafield>
    <datafield tag="245" ind1=" " ind2=" ">
      <subfield code="a">Bioquímica</subfield>
      <subfield code="b"> : fundamentos para medicina y ciencias de la vida</subfield>
      <subfield code="c"> / Centelles Serra, Josep Joan, tr. ; Brandt, Ulrich, con la colab. ; Anderka, Oliver, con la colab. ; Kieß, Stefan, con la colab. ; Ridinger, Katrin, con la colab. ; Plenikowski, Michael, con la colab.</subfield>
    </datafield>
    <datafield tag="250" ind1=" " ind2=" ">
      <subfield code="a">Ed. en español</subfield>
    </datafield>
    <datafield tag="260" ind1=" " ind2=" ">
      <subfield code="a">Barcelona</subfield>
      <subfield code="b"> : Reverté</subfield>
      <subfield code="c"> , 2008</subfield>
    </datafield>
    <datafield tag="650" ind1=" " ind2=" ">
      <subfield code="a"> BIOQUIMICA</subfield>
    </datafield>
    <datafield tag="942" ind1=" " ind2=" ">
      <subfield code="c">BK</subfield>
    </datafield>
    <datafield tag="952" ind1=" " ind2=" ">
      <subfield code="a">BIB_RECT</subfield>
      <subfield code="b">BIB_UARG</subfield>
      <subfield code="d">2010-10-05</subfield>
      <subfield code="y">BK</subfield>
      <subfield code="p">05-40036</subfield>
      <subfield code="i">05-40036</subfield>
      <subfield code="g">252</subfield>
      <subfield code="o">577.1 M685b</subfield>
      <subfield code="e">Compra SIUNPA OC 068/10</subfield>
      <subfield code="8">CG</subfield>
    </datafield>
  </record>