
  <record>
    <leader>01000aam  22002601a 4500</leader>
    <controlfield tag="001">YPZ93509</controlfield>
    <controlfield tag="003">YPZ</controlfield>
    <controlfield tag="005">201010071727340</controlfield>
    <controlfield tag="008">101007|###########||||||b||||||||||spa|d</controlfield>
    <datafield tag="020" ind1=" " ind2=" ">
      <subfield code="a">9789701511350</subfield>
    </datafield>
    <datafield tag="020" ind1=" " ind2=" ">
      <subfield code="a">9701511352</subfield>
    </datafield>
    <datafield tag="040" ind1=" " ind2=" ">
      <subfield code="c">SIUNPA</subfield>
    </datafield>
    <datafield tag="041" ind1=" " ind2=" ">
      <subfield code="a">spa</subfield>
    </datafield>
    <datafield tag="044" ind1=" " ind2=" ">
      <subfield code="a">MX</subfield>
    </datafield>
    <datafield tag="080" ind1=" " ind2=" ">
      <subfield code="a">546 H898q4</subfield>
    </datafield>
    <datafield tag="100" ind1=" " ind2=" ">
      <subfield code="a">Huheey, James E..</subfield>
    </datafield>
    <datafield tag="700" ind1=" " ind2=" ">
      <subfield code="a">Keiter, Ellen A..</subfield>
    </datafield>
    <datafield tag="700" ind1=" " ind2=" ">
      <subfield code="a">Keiter, Richard L..</subfield>
    </datafield>
    <datafield tag="245" ind1=" " ind2=" ">
      <subfield code="a">Química inorgánica</subfield>
      <subfield code="b"> : principios de estructura y reactividad</subfield>
      <subfield code="c"> / Aguilar Ortega, María Teresa, tr.</subfield>
    </datafield>
    <datafield tag="250" ind1=" " ind2=" ">
      <subfield code="a">4a ed., 6a reimpr.</subfield>
    </datafield>
    <datafield tag="260" ind1=" " ind2=" ">
      <subfield code="a">México, D.F.</subfield>
      <subfield code="b"> : Oxford University Press</subfield>
      <subfield code="b"> : Alfaomega</subfield>
      <subfield code="c"> , 2007</subfield>
    </datafield>
    <datafield tag="440" ind1=" " ind2=" ">
      <subfield code="a">Investigaciones históricas</subfield>
      <subfield code="a">Colección historias americanas</subfield>
      <subfield code="a">Biblioteca clásica de Siglo Veintiuno</subfield>
      <subfield code="a">Colección razón política</subfield>
      <subfield code="a">Seix Barral. Biblioteca Breve</subfield>
      <subfield code="a">Enciclopedia semiológica</subfield>
      <subfield code="a">Pensamiento</subfield>
      <subfield code="a">Colección metodologías</subfield>
      <subfield code="a">Interés general</subfield>
      <subfield code="v">1135</subfield>
    </datafield>
    <datafield tag="490" ind1=" " ind2=" ">
      <subfield code="a">Investigaciones históricas</subfield>
      <subfield code="a">Colección historias americanas</subfield>
      <subfield code="a">Biblioteca clásica de Siglo Veintiuno</subfield>
      <subfield code="a">Colección razón política</subfield>
      <subfield code="a">Seix Barral. Biblioteca Breve</subfield>
      <subfield code="a">Enciclopedia semiológica</subfield>
      <subfield code="a">Pensamiento</subfield>
      <subfield code="a">Colección metodologías</subfield>
      <subfield code="a">Interés general</subfield>
      <subfield code="v">1135</subfield>
    </datafield>
    <datafield tag="650" ind1=" " ind2=" ">
      <subfield code="a"> QUIMICA INORGANICA</subfield>
    </datafield>
    <datafield tag="942" ind1=" " ind2=" ">
      <subfield code="c">BK</subfield>
    </datafield>
    <datafield tag="952" ind1=" " ind2=" ">
      <subfield code="a">BIB_RECT</subfield>
      <subfield code="b">BIB_UACO</subfield>
      <subfield code="d">2010-10-06</subfield>
      <subfield code="y">BK</subfield>
      <subfield code="p">02-40096</subfield>
      <subfield code="i">02-40096</subfield>
      <subfield code="g">139</subfield>
      <subfield code="o">546 H898q4</subfield>
      <subfield code="e">Compra SIUNPA</subfield>
      <subfield code="8">CG</subfield>
    </datafield>
    <datafield tag="952" ind1=" " ind2=" ">
      <subfield code="a">BIB_RECT</subfield>
      <subfield code="b">BIB_UACO</subfield>
      <subfield code="d">2010-10-06</subfield>
      <subfield code="y">BK</subfield>
      <subfield code="p">02-40097</subfield>
      <subfield code="i">02-40097</subfield>
      <subfield code="g">130</subfield>
      <subfield code="o">546 H898q4</subfield>
      <subfield code="e">Compra SIUNPA</subfield>
      <subfield code="8">CG</subfield>
    </datafield>
    <datafield tag="952" ind1=" " ind2=" ">
      <subfield code="a">BIB_RECT</subfield>
      <subfield code="b">BIB_UACO</subfield>
      <subfield code="d">2010-10-06</subfield>
      <subfield code="y">BK</subfield>
      <subfield code="p">02-40098</subfield>
      <subfield code="i">02-40098</subfield>
      <subfield code="g">130</subfield>
      <subfield code="o">546 H898q4</subfield>
      <subfield code="e">Compra SIUNPA</subfield>
      <subfield code="8">CG</subfield>
    </datafield>
    <datafield tag="952" ind1=" " ind2=" ">
      <subfield code="a">BIB_RECT</subfield>
      <subfield code="b">BIB_UACO</subfield>
      <subfield code="d">2010-10-06</subfield>
      <subfield code="y">BK</subfield>
      <subfield code="p">02-40099</subfield>
      <subfield code="i">02-40099</subfield>
      <subfield code="g">130</subfield>
      <subfield code="o">546 H898q4</subfield>
      <subfield code="e">Compra SIUNPA</subfield>
      <subfield code="8">CG</subfield>
    </datafield>
    <datafield tag="952" ind1=" " ind2=" ">
      <subfield code="a">BIB_RECT</subfield>
      <subfield code="b">BIB_UACO</subfield>
      <subfield code="d">2010-10-06</subfield>
      <subfield code="y">BK</subfield>
      <subfield code="p">02-40100</subfield>
      <subfield code="i">02-40100</subfield>
      <subfield code="g">130</subfield>
      <subfield code="o">546 H898q4</subfield>
      <subfield code="e">Compra SIUNPA</subfield>
      <subfield code="8">CG</subfield>
    </datafield>
  </record>