
  <record>
    <leader>01000aam  22002601a 4500</leader>
    <controlfield tag="001">YPZ93523</controlfield>
    <controlfield tag="003">YPZ</controlfield>
    <controlfield tag="005">201010121827090</controlfield>
    <controlfield tag="008">101012|###########||||||b||||||||||spa|d</controlfield>
    <datafield tag="020" ind1=" " ind2=" ">
      <subfield code="a">9502312066</subfield>
    </datafield>
    <datafield tag="040" ind1=" " ind2=" ">
      <subfield code="c">SIUNPA</subfield>
    </datafield>
    <datafield tag="041" ind1=" " ind2=" ">
      <subfield code="a">spa</subfield>
    </datafield>
    <datafield tag="044" ind1=" " ind2=" ">
      <subfield code="a">AR</subfield>
    </datafield>
    <datafield tag="080" ind1=" " ind2=" ">
      <subfield code="a">811.134.2'36 H765h</subfield>
    </datafield>
    <datafield tag="245" ind1=" " ind2=" ">
      <subfield code="a">Homenaje a Ofelia Kovacci</subfield>
      <subfield code="c"> / Arnoux, Elvira N. de, ed. ; Di Tulio, Ángela, ed. ; Viegas Barros, J. Pedro, rev. técnica</subfield>
    </datafield>
    <datafield tag="250" ind1=" " ind2=" ">
      <subfield code="a">1a ed.</subfield>
    </datafield>
    <datafield tag="260" ind1=" " ind2=" ">
      <subfield code="a">Buenos Aires</subfield>
      <subfield code="b"> : Eudeba</subfield>
      <subfield code="c"> , 2001</subfield>
    </datafield>
    <datafield tag="650" ind1=" " ind2=" ">
      <subfield code="a"> GRAMATICA</subfield>
    </datafield>
    <datafield tag="650" ind1=" " ind2=" ">
      <subfield code="a"> LENGUA ESPAÑOLA</subfield>
    </datafield>
    <datafield tag="650" ind1=" " ind2=" ">
      <subfield code="a"> KOVACCI, OFELIA (1927</subfield>
    </datafield>
    <datafield tag="650" ind1=" " ind2=" ">
      <subfield code="a">2001)</subfield>
    </datafield>
    <datafield tag="942" ind1=" " ind2=" ">
      <subfield code="c">BK</subfield>
    </datafield>
    <datafield tag="952" ind1=" " ind2=" ">
      <subfield code="a">BIB_RECT</subfield>
      <subfield code="b">BIB_UARG</subfield>
      <subfield code="d">2010-10-12</subfield>
      <subfield code="y">BK</subfield>
      <subfield code="p">05-40133</subfield>
      <subfield code="i">05-40133</subfield>
      <subfield code="g">53</subfield>
      <subfield code="o">811.134.2'36 H765h</subfield>
      <subfield code="e">Compra SIUNPA</subfield>
      <subfield code="8">CG</subfield>
    </datafield>
    <datafield tag="952" ind1=" " ind2=" ">
      <subfield code="a">BIB_RECT</subfield>
      <subfield code="b">BIB_UARG</subfield>
      <subfield code="d">2010-10-12</subfield>
      <subfield code="y">BK</subfield>
      <subfield code="p">05-40134</subfield>
      <subfield code="i">05-40134</subfield>
      <subfield code="g">53</subfield>
      <subfield code="o">811.134.2'36 H765h</subfield>
      <subfield code="e">Compra SIUNPA</subfield>
      <subfield code="8">CG</subfield>
    </datafield>
    <datafield tag="952" ind1=" " ind2=" ">
      <subfield code="a">BIB_RECT</subfield>
      <subfield code="b">BIB_UARG</subfield>
      <subfield code="d">2010-10-12</subfield>
      <subfield code="y">BK</subfield>
      <subfield code="p">05-40135</subfield>
      <subfield code="i">05-40135</subfield>
      <subfield code="g">53</subfield>
      <subfield code="o">811.134.2'36 H765h</subfield>
      <subfield code="e">Compra SIUNPA</subfield>
      <subfield code="8">CG</subfield>
    </datafield>
    <datafield tag="952" ind1=" " ind2=" ">
      <subfield code="a">BIB_RECT</subfield>
      <subfield code="b">BIB_UARG</subfield>
      <subfield code="d">2010-10-12</subfield>
      <subfield code="y">BK</subfield>
      <subfield code="p">05-40136</subfield>
      <subfield code="i">05-40136</subfield>
      <subfield code="g">53</subfield>
      <subfield code="o">811.134.2'36 H765h</subfield>
      <subfield code="e">Compra SIUNPA</subfield>
      <subfield code="8">CG</subfield>
    </datafield>
    <datafield tag="952" ind1=" " ind2=" ">
      <subfield code="a">BIB_RECT</subfield>
      <subfield code="b">BIB_UARG</subfield>
      <subfield code="d">2010-10-12</subfield>
      <subfield code="y">BK</subfield>
      <subfield code="p">05-40137</subfield>
      <subfield code="i">05-40137</subfield>
      <subfield code="g">53</subfield>
      <subfield code="o">811.134.2'36 H765h</subfield>
      <subfield code="e">Compra SIUNPA</subfield>
      <subfield code="8">CG</subfield>
    </datafield>
  </record>