
  <record>
    <leader>01000aam  22002601a 4500</leader>
    <controlfield tag="001">YPZ93531</controlfield>
    <controlfield tag="003">YPZ</controlfield>
    <controlfield tag="005">201010141716170</controlfield>
    <controlfield tag="008">101014|###########||||||b||||||||||spa|d</controlfield>
    <datafield tag="020" ind1=" " ind2=" ">
      <subfield code="a">9789876140928</subfield>
    </datafield>
    <datafield tag="040" ind1=" " ind2=" ">
      <subfield code="c">SIUNPA</subfield>
    </datafield>
    <datafield tag="041" ind1=" " ind2=" ">
      <subfield code="a">spa</subfield>
    </datafield>
    <datafield tag="044" ind1=" " ind2=" ">
      <subfield code="a">AR</subfield>
    </datafield>
    <datafield tag="080" ind1=" " ind2=" ">
      <subfield code="a">R32(038) P953p</subfield>
    </datafield>
    <datafield tag="245" ind1=" " ind2=" ">
      <subfield code="a">Primer diccionario altermundista</subfield>
      <subfield code="c"> / Harribey, Jean-Marie, dir. ; Bucci, Julia, tr.</subfield>
    </datafield>
    <datafield tag="250" ind1=" " ind2=" ">
      <subfield code="a">1a ed.</subfield>
    </datafield>
    <datafield tag="260" ind1=" " ind2=" ">
      <subfield code="a">Buenos Aires</subfield>
      <subfield code="b"> : Capital Intelectual</subfield>
      <subfield code="c"> , 2008</subfield>
    </datafield>
    <datafield tag="440" ind1=" " ind2=" ">
      <subfield code="a">Bolsillo / Del Nuevo Extremo</subfield>
      <subfield code="a">Colección maxi</subfield>
      <subfield code="a">Narrativa salamandra</subfield>
      <subfield code="a">Colección mirada atenta</subfield>
      <subfield code="a">Colección textos y lecturas en ciencias sociales</subfield>
      <subfield code="a">Intertextos</subfield>
      <subfield code="a">Colección recursos didácticos</subfield>
      <subfield code="a">Nueva carrera docente</subfield>
      <subfield code="a">Colección respuestas. Serie desafíos</subfield>
      <subfield code="a">Sección obras de Sociología</subfield>
      <subfield code="a">Le Monde Diplomatique</subfield>
      <subfield code="v">35</subfield>
    </datafield>
    <datafield tag="490" ind1=" " ind2=" ">
      <subfield code="a">Bolsillo / Del Nuevo Extremo</subfield>
      <subfield code="a">Colección maxi</subfield>
      <subfield code="a">Narrativa salamandra</subfield>
      <subfield code="a">Colección mirada atenta</subfield>
      <subfield code="a">Colección textos y lecturas en ciencias sociales</subfield>
      <subfield code="a">Intertextos</subfield>
      <subfield code="a">Colección recursos didácticos</subfield>
      <subfield code="a">Nueva carrera docente</subfield>
      <subfield code="a">Colección respuestas. Serie desafíos</subfield>
      <subfield code="a">Sección obras de Sociología</subfield>
      <subfield code="a">Le Monde Diplomatique</subfield>
      <subfield code="v">35</subfield>
    </datafield>
    <datafield tag="500" ind1=" " ind2=" ">
      <subfield code="a">En portada: más de trescientos artículos que definen los conceptos clave del pensamiento progresista mundial</subfield>
    </datafield>
    <datafield tag="650" ind1=" " ind2=" ">
      <subfield code="a"> PENSAMIENTO ECONOMICO</subfield>
    </datafield>
    <datafield tag="650" ind1=" " ind2=" ">
      <subfield code="a"> TEORIA ECONOMICA</subfield>
    </datafield>
    <datafield tag="650" ind1=" " ind2=" ">
      <subfield code="a"> GLOBALIZACION</subfield>
    </datafield>
    <datafield tag="650" ind1=" " ind2=" ">
      <subfield code="a"> TEORIA POLITICA</subfield>
    </datafield>
    <datafield tag="942" ind1=" " ind2=" ">
      <subfield code="c">BK</subfield>
    </datafield>
    <datafield tag="952" ind1=" " ind2=" ">
      <subfield code="a">BIB_RECT</subfield>
      <subfield code="b">BIB_UASJ</subfield>
      <subfield code="d">2010-10-07</subfield>
      <subfield code="y">BK</subfield>
      <subfield code="p">04-40113</subfield>
      <subfield code="i">04-40113</subfield>
      <subfield code="g">67</subfield>
      <subfield code="o">R32(038) P953p</subfield>
      <subfield code="e">Compra SIUNPA</subfield>
      <subfield code="8">CR</subfield>
    </datafield>
  </record>