
  <record>
    <leader>01000aam  22002601a 4500</leader>
    <controlfield tag="001">YPZ93536</controlfield>
    <controlfield tag="003">YPZ</controlfield>
    <controlfield tag="005">201010181649180</controlfield>
    <controlfield tag="008">101018|###########||||||b||||||||||spa|d</controlfield>
    <datafield tag="020" ind1=" " ind2=" ">
      <subfield code="a">9789872362683</subfield>
    </datafield>
    <datafield tag="040" ind1=" " ind2=" ">
      <subfield code="c">SIUNPA</subfield>
    </datafield>
    <datafield tag="041" ind1=" " ind2=" ">
      <subfield code="a">spa</subfield>
    </datafield>
    <datafield tag="044" ind1=" " ind2=" ">
      <subfield code="a">AR</subfield>
    </datafield>
    <datafield tag="080" ind1=" " ind2=" ">
      <subfield code="a">373.3 D636d 01</subfield>
    </datafield>
    <datafield tag="245" ind1=" " ind2=" ">
      <subfield code="a">12(ntes) [Docentes] primer ciclo</subfield>
      <subfield code="b"> : #01</subfield>
    </datafield>
    <datafield tag="250" ind1=" " ind2=" ">
      <subfield code="a">1a ed.</subfield>
    </datafield>
    <datafield tag="260" ind1=" " ind2=" ">
      <subfield code="a">Buenos Aires</subfield>
      <subfield code="b"> : 12ntes</subfield>
      <subfield code="c"> , 2008</subfield>
    </datafield>
    <datafield tag="300" ind1=" " ind2=" ">
      <subfield code="a">175 p. : </subfield>
      <subfield code="b">il. ; </subfield>
      <subfield code="a">xviii, 619 p. : </subfield>
      <subfield code="b">il. ; </subfield>
      <subfield code="a">xiii, 120 p. : </subfield>
      <subfield code="b">il. ; </subfield>
      <subfield code="a">xli, [1198] p. en varias paginaciones : </subfield>
      <subfield code="b">il. ; </subfield>
      <subfield code="a">xvi, 305 p. : </subfield>
      <subfield code="b">il. ; </subfield>
      <subfield code="a">il. : </subfield>
      <subfield code="a">xxvi, 1076 p. : </subfield>
      <subfield code="b">il. ; </subfield>
      <subfield code="a">268 p. : </subfield>
      <subfield code="a">281 p. : </subfield>
      <subfield code="a">xx, 657 p. : </subfield>
      <subfield code="b">il. ; </subfield>
      <subfield code="a">303 p. : </subfield>
      <subfield code="b">il. ; </subfield>
      <subfield code="a">xix, 208 p. : </subfield>
      <subfield code="b">il. ; </subfield>
      <subfield code="a">xiv, 473 p. : </subfield>
      <subfield code="b">il. ; </subfield>
      <subfield code="a">214 p. : </subfield>
      <subfield code="b">il. ; </subfield>
      <subfield code="a">v. : </subfield>
      <subfield code="b">il. ; </subfield>
      <subfield code="a">282 p. : </subfield>
      <subfield code="a">xxxv, 519 p. : </subfield>
      <subfield code="b">il. ; </subfield>
      <subfield code="a">258 p. : </subfield>
      <subfield code="a">265 p. : </subfield>
      <subfield code="a">xviii, 478 p. : </subfield>
      <subfield code="b">il. ; </subfield>
      <subfield code="a">143 p. : </subfield>
      <subfield code="b">il. ; </subfield>
      <subfield code="a">240 p. : </subfield>
      <subfield code="b">il. ; </subfield>
      <subfield code="a">263 p. : </subfield>
      <subfield code="b">il. ; </subfield>
      <subfield code="a">xviii, 565 p. : </subfield>
      <subfield code="b">il. ; </subfield>
      <subfield code="a">469 p. : </subfield>
      <subfield code="b">il. ; </subfield>
      <subfield code="a">xix, 624 p. : </subfield>
      <subfield code="b">il. ; </subfield>
      <subfield code="a">206 p. : </subfield>
      <subfield code="b">il. ; </subfield>
      <subfield code="a">207 p. : </subfield>
      <subfield code="b">cuadros, gráf. ; </subfield>
      <subfield code="a">xx, [1226] p. en varias paginaciones : </subfield>
      <subfield code="b">il. ; </subfield>
      <subfield code="a">ix, 647 p. : </subfield>
      <subfield code="b">il. ; </subfield>
      <subfield code="a">383 p. : </subfield>
      <subfield code="a">363 p. : </subfield>
      <subfield code="a">329 p. : </subfield>
      <subfield code="a">178 p. : </subfield>
      <subfield code="a">581 p. : </subfield>
      <subfield code="b">il. ; </subfield>
      <subfield code="a">464 p. : </subfield>
      <subfield code="a">714 p. : </subfield>
      <subfield code="a">281 p. : </subfield>
      <subfield code="a">173 p. : </subfield>
      <subfield code="a">313 p. : </subfield>
      <subfield code="b">il. ; </subfield>
      <subfield code="a">589 p. : </subfield>
      <subfield code="a">390 p. : </subfield>
      <subfield code="a">541 p. : </subfield>
      <subfield code="b">il. ; </subfield>
      <subfield code="a">159 p. : </subfield>
      <subfield code="a">111 p. : </subfield>
      <subfield code="b">il. ; </subfield>
      <subfield code="a">126 p. : </subfield>
      <subfield code="b">il. ; </subfield>
      <subfield code="a">xxv, 351 p. : </subfield>
      <subfield code="a">89 p. : </subfield>
      <subfield code="a">223 p. : </subfield>
      <subfield code="a">276 p. : </subfield>
      <subfield code="a">382 p. : </subfield>
      <subfield code="a">185 p. : </subfield>
      <subfield code="b">il. ; </subfield>
      <subfield code="a">171 p. : </subfield>
      <subfield code="a">205 p. : </subfield>
      <subfield code="a">219 p. : </subfield>
      <subfield code="a">88 p. : </subfield>
      <subfield code="b">il. ; </subfield>
      <subfield code="e">1 DVD en bolsillo</subfield>
    </datafield>
    <datafield tag="650" ind1=" " ind2=" ">
      <subfield code="a"> ENSEÑANZA PRIMARIA</subfield>
    </datafield>
    <datafield tag="650" ind1=" " ind2=" ">
      <subfield code="a"> METODOS DE ENSEÑANZA</subfield>
    </datafield>
    <datafield tag="650" ind1=" " ind2=" ">
      <subfield code="a"> PEDAGOGIA</subfield>
    </datafield>
    <datafield tag="650" ind1=" " ind2=" ">
      <subfield code="a"> ACTIVIDADES DE APRENDIZAJE</subfield>
    </datafield>
    <datafield tag="650" ind1=" " ind2=" ">
      <subfield code="a"> EGB</subfield>
    </datafield>
    <datafield tag="942" ind1=" " ind2=" ">
      <subfield code="c">BK</subfield>
    </datafield>
    <datafield tag="952" ind1=" " ind2=" ">
      <subfield code="a">BIB_RECT</subfield>
      <subfield code="b">BIB_UASJ</subfield>
      <subfield code="d">2010-10-18</subfield>
      <subfield code="y">BK</subfield>
      <subfield code="p">04-40129</subfield>
      <subfield code="i">04-40129</subfield>
      <subfield code="g">75</subfield>
      <subfield code="o">373.3 D636d 01</subfield>
      <subfield code="e">Compra SIUNPA</subfield>
      <subfield code="8">CG</subfield>
    </datafield>
  </record>