
  <record>
    <leader>01000aam  22002601a 4500</leader>
    <controlfield tag="001">YPZ93550</controlfield>
    <controlfield tag="003">YPZ</controlfield>
    <controlfield tag="005">201010211700070</controlfield>
    <controlfield tag="008">101021|###########||||||b||||||||||spa|d</controlfield>
    <datafield tag="020" ind1=" " ind2=" ">
      <subfield code="a">8477389675</subfield>
    </datafield>
    <datafield tag="040" ind1=" " ind2=" ">
      <subfield code="c">SIUNPA</subfield>
    </datafield>
    <datafield tag="041" ind1=" " ind2=" ">
      <subfield code="a">spa</subfield>
    </datafield>
    <datafield tag="044" ind1=" " ind2=" ">
      <subfield code="a">ES</subfield>
    </datafield>
    <datafield tag="080" ind1=" " ind2=" ">
      <subfield code="a">R338.48(031) E561e</subfield>
    </datafield>
    <datafield tag="245" ind1=" " ind2=" ">
      <subfield code="a">Enciclopedia del turismo</subfield>
      <subfield code="c"> / Jafari, Jafar, ed. ; Pina Medina, Víctor Manuel</subfield>
    </datafield>
    <datafield tag="260" ind1=" " ind2=" ">
      <subfield code="a">Madrid</subfield>
      <subfield code="b"> : Síntesis</subfield>
      <subfield code="c"> , 2002</subfield>
    </datafield>
    <datafield tag="650" ind1=" " ind2=" ">
      <subfield code="a"> TURISMO</subfield>
    </datafield>
    <datafield tag="942" ind1=" " ind2=" ">
      <subfield code="c">BK</subfield>
    </datafield>
    <datafield tag="952" ind1=" " ind2=" ">
      <subfield code="a">BIB_RECT</subfield>
      <subfield code="b">BIB_UARG</subfield>
      <subfield code="d">2010-10-21</subfield>
      <subfield code="y">BK</subfield>
      <subfield code="p">05-40190</subfield>
      <subfield code="i">05-40190</subfield>
      <subfield code="g">608</subfield>
      <subfield code="o">R338.48(031) E561e</subfield>
      <subfield code="e">Compra SIUNPA</subfield>
      <subfield code="8">CR</subfield>
    </datafield>
  </record>