
  <record>
    <leader>01000aam  22002601a 4500</leader>
    <controlfield tag="001">YPZ93551</controlfield>
    <controlfield tag="003">YPZ</controlfield>
    <controlfield tag="005">201010221617410</controlfield>
    <controlfield tag="008">101022|###########||||||b||||||||||spa|d</controlfield>
    <datafield tag="020" ind1=" " ind2=" ">
      <subfield code="a">9789508085337</subfield>
    </datafield>
    <datafield tag="040" ind1=" " ind2=" ">
      <subfield code="c">SIUNPA</subfield>
    </datafield>
    <datafield tag="041" ind1=" " ind2=" ">
      <subfield code="a">spa</subfield>
    </datafield>
    <datafield tag="044" ind1=" " ind2=" ">
      <subfield code="a">AR</subfield>
    </datafield>
    <datafield tag="080" ind1=" " ind2=" ">
      <subfield code="a">37.014 G338d</subfield>
    </datafield>
    <datafield tag="100" ind1=" " ind2=" ">
      <subfield code="a">Gentili, Pablo.</subfield>
    </datafield>
    <datafield tag="245" ind1=" " ind2=" ">
      <subfield code="a">Desencanto y utopía</subfield>
      <subfield code="b"> : la educación en el laberinto de los nuevos tiempos</subfield>
    </datafield>
    <datafield tag="260" ind1=" " ind2=" ">
      <subfield code="a">Rosario</subfield>
      <subfield code="b"> : Homo Sapiens</subfield>
      <subfield code="c"> , 2007</subfield>
    </datafield>
    <datafield tag="650" ind1=" " ind2=" ">
      <subfield code="a"> POLITICA EDUCATIVA</subfield>
    </datafield>
    <datafield tag="650" ind1=" " ind2=" ">
      <subfield code="a"> EDUCACION</subfield>
    </datafield>
    <datafield tag="942" ind1=" " ind2=" ">
      <subfield code="c">BK</subfield>
    </datafield>
    <datafield tag="952" ind1=" " ind2=" ">
      <subfield code="a">BIB_RECT</subfield>
      <subfield code="b">BIB_UACO</subfield>
      <subfield code="d">2011-09-26</subfield>
      <subfield code="y">BK</subfield>
      <subfield code="p">02-41519</subfield>
      <subfield code="i">02-41519</subfield>
      <subfield code="g">39</subfield>
      <subfield code="o">37.014 G338d</subfield>
      <subfield code="e">Compra SIUNPA</subfield>
      <subfield code="8">CG</subfield>
    </datafield>
    <datafield tag="952" ind1=" " ind2=" ">
      <subfield code="a">BIB_RECT</subfield>
      <subfield code="b">BIB_UACO</subfield>
      <subfield code="d">2011-09-26</subfield>
      <subfield code="y">BK</subfield>
      <subfield code="p">02-41520</subfield>
      <subfield code="i">02-41520</subfield>
      <subfield code="g">39</subfield>
      <subfield code="o">37.014 G338d</subfield>
      <subfield code="e">Compra SIUNPA</subfield>
      <subfield code="8">CG</subfield>
    </datafield>
    <datafield tag="952" ind1=" " ind2=" ">
      <subfield code="a">BIB_RECT</subfield>
      <subfield code="b">BIB_UARG</subfield>
      <subfield code="d">2010-10-14</subfield>
      <subfield code="y">BK</subfield>
      <subfield code="p">05-40161</subfield>
      <subfield code="i">05-40161</subfield>
      <subfield code="g">33</subfield>
      <subfield code="o">37.014 G338d</subfield>
      <subfield code="e">Compra SIUNPA</subfield>
      <subfield code="8">CG</subfield>
    </datafield>
    <datafield tag="952" ind1=" " ind2=" ">
      <subfield code="a">BIB_RECT</subfield>
      <subfield code="b">BIB_UARG</subfield>
      <subfield code="d">2010-10-14</subfield>
      <subfield code="y">BK</subfield>
      <subfield code="p">05-40162</subfield>
      <subfield code="i">05-40162</subfield>
      <subfield code="g">33</subfield>
      <subfield code="o">37.014 G338d</subfield>
      <subfield code="e">Compra SIUNPA</subfield>
      <subfield code="8">CG</subfield>
    </datafield>
    <datafield tag="952" ind1=" " ind2=" ">
      <subfield code="a">BIB_RECT</subfield>
      <subfield code="b">BIB_UARG</subfield>
      <subfield code="d">2010-10-14</subfield>
      <subfield code="y">BK</subfield>
      <subfield code="p">05-40163</subfield>
      <subfield code="i">05-40163</subfield>
      <subfield code="g">33</subfield>
      <subfield code="o">37.014 G338d</subfield>
      <subfield code="e">Compra SIUNPA</subfield>
      <subfield code="8">CG</subfield>
    </datafield>
    <datafield tag="952" ind1=" " ind2=" ">
      <subfield code="a">BIB_RECT</subfield>
      <subfield code="b">BIB_UARG</subfield>
      <subfield code="d">2010-10-14</subfield>
      <subfield code="y">BK</subfield>
      <subfield code="p">05-40164</subfield>
      <subfield code="i">05-40164</subfield>
      <subfield code="g">33</subfield>
      <subfield code="o">37.014 G338d</subfield>
      <subfield code="e">Compra SIUNPA</subfield>
      <subfield code="8">CG</subfield>
    </datafield>
    <datafield tag="952" ind1=" " ind2=" ">
      <subfield code="a">BIB_RECT</subfield>
      <subfield code="b">BIB_UARG</subfield>
      <subfield code="d">2010-10-14</subfield>
      <subfield code="y">BK</subfield>
      <subfield code="p">05-40165</subfield>
      <subfield code="i">05-40165</subfield>
      <subfield code="g">33</subfield>
      <subfield code="o">37.014 G338d</subfield>
      <subfield code="e">Compra SIUNPA</subfield>
      <subfield code="8">CG</subfield>
    </datafield>
  </record>