
  <record>
    <leader>01000aam  22002601a 4500</leader>
    <controlfield tag="001">YPZ93552</controlfield>
    <controlfield tag="003">YPZ</controlfield>
    <controlfield tag="005">201010221649010</controlfield>
    <controlfield tag="008">101022|###########||||||b||||||||||spa|d</controlfield>
    <datafield tag="020" ind1=" " ind2=" ">
      <subfield code="a">9788484893455 (Iberoamericana)</subfield>
    </datafield>
    <datafield tag="020" ind1=" " ind2=" ">
      <subfield code="a">9783865273680 (Vervuert)</subfield>
    </datafield>
    <datafield tag="040" ind1=" " ind2=" ">
      <subfield code="c">SIUNPA</subfield>
    </datafield>
    <datafield tag="041" ind1=" " ind2=" ">
      <subfield code="a">spa</subfield>
    </datafield>
    <datafield tag="044" ind1=" " ind2=" ">
      <subfield code="a">ES</subfield>
      <subfield code="a">DE</subfield>
    </datafield>
    <datafield tag="080" ind1=" " ind2=" ">
      <subfield code="a">811.134.2'367</subfield>
    </datafield>
    <datafield tag="245" ind1=" " ind2=" ">
      <subfield code="a">Sintaxis histórica del español y cambio lingüístico</subfield>
      <subfield code="b"> : nuevas perspectivas desde las tradiciones discursivas</subfield>
      <subfield code="c"> / Ksbatek, Johannes, ed.</subfield>
    </datafield>
    <datafield tag="260" ind1=" " ind2=" ">
      <subfield code="a">Madrid</subfield>
      <subfield code="a">Frankfurt am Main</subfield>
      <subfield code="b"> : Iberoamericana</subfield>
      <subfield code="b"> : Vervuert</subfield>
      <subfield code="c"> , 2008</subfield>
    </datafield>
    <datafield tag="440" ind1=" " ind2=" ">
      <subfield code="a">Hostelería y turismo</subfield>
      <subfield code="a">Educación / Homo Sapiens</subfield>
      <subfield code="a">Lingüística iberoamericana</subfield>
      <subfield code="v">v. 31</subfield>
    </datafield>
    <datafield tag="490" ind1=" " ind2=" ">
      <subfield code="a">Hostelería y turismo</subfield>
      <subfield code="a">Educación / Homo Sapiens</subfield>
      <subfield code="a">Lingüística iberoamericana</subfield>
      <subfield code="v">v. 31</subfield>
    </datafield>
    <datafield tag="650" ind1=" " ind2=" ">
      <subfield code="a"> LENGUA ESPAÑOLA</subfield>
    </datafield>
    <datafield tag="650" ind1=" " ind2=" ">
      <subfield code="a"> SINTAXIS</subfield>
    </datafield>
    <datafield tag="650" ind1=" " ind2=" ">
      <subfield code="a"> GRAMATICA</subfield>
    </datafield>
    <datafield tag="942" ind1=" " ind2=" ">
      <subfield code="c">BK</subfield>
    </datafield>
    <datafield tag="952" ind1=" " ind2=" ">
      <subfield code="a">BIB_RECT</subfield>
      <subfield code="b">BIB_UARG</subfield>
      <subfield code="d">2010-10-14</subfield>
      <subfield code="y">BK</subfield>
      <subfield code="p">05-40160</subfield>
      <subfield code="i">05-40160</subfield>
      <subfield code="g">108</subfield>
      <subfield code="o">811.134.2'367</subfield>
      <subfield code="e">Compra SIUNPA</subfield>
      <subfield code="8">CG</subfield>
    </datafield>
  </record>