
  <record>
    <leader>01000aam  22002601a 4500</leader>
    <controlfield tag="001">YPZ93554</controlfield>
    <controlfield tag="003">YPZ</controlfield>
    <controlfield tag="005">201010221709330</controlfield>
    <controlfield tag="008">101022|###########||||||b||||||||||spa|d</controlfield>
    <datafield tag="020" ind1=" " ind2=" ">
      <subfield code="a">9788492616282</subfield>
    </datafield>
    <datafield tag="040" ind1=" " ind2=" ">
      <subfield code="c">SIUNPA</subfield>
    </datafield>
    <datafield tag="041" ind1=" " ind2=" ">
      <subfield code="a">spa</subfield>
    </datafield>
    <datafield tag="044" ind1=" " ind2=" ">
      <subfield code="a">ES</subfield>
    </datafield>
    <datafield tag="080" ind1=" " ind2=" ">
      <subfield code="a">162.6 S123s</subfield>
    </datafield>
    <datafield tag="100" ind1=" " ind2=" ">
      <subfield code="a">Sacristán Luzón, Manuel.</subfield>
    </datafield>
    <datafield tag="245" ind1=" " ind2=" ">
      <subfield code="a">Sobre dialéctica</subfield>
      <subfield code="c"> / López Arnal, Salvador, ed., presentación y notas ; Candel, Miguel, pról. ; Ovejero Lucas, Félix, epílogo ; Monleón Pradas, Manuel, nota final ; López Arango, Isabel, rev. técnica</subfield>
    </datafield>
    <datafield tag="260" ind1=" " ind2=" ">
      <subfield code="a">[Barcelona]</subfield>
      <subfield code="b"> : Ediciones de Intervención Cultural</subfield>
      <subfield code="b"> : El Viejo Topo</subfield>
      <subfield code="c"> , 2009</subfield>
    </datafield>
    <datafield tag="650" ind1=" " ind2=" ">
      <subfield code="a"> DIALECTICA</subfield>
    </datafield>
    <datafield tag="942" ind1=" " ind2=" ">
      <subfield code="c">BK</subfield>
    </datafield>
    <datafield tag="952" ind1=" " ind2=" ">
      <subfield code="a">BIB_RECT</subfield>
      <subfield code="b">BIB_UARG</subfield>
      <subfield code="d">2010-10-14</subfield>
      <subfield code="y">BK</subfield>
      <subfield code="p">05-40185</subfield>
      <subfield code="i">05-40185</subfield>
      <subfield code="g">170</subfield>
      <subfield code="o">162.6 S123s</subfield>
      <subfield code="e">Compra SIUNPA</subfield>
      <subfield code="8">CG</subfield>
    </datafield>
  </record>