
  <record>
    <leader>01000aam  22002601a 4500</leader>
    <controlfield tag="001">YPZ93575</controlfield>
    <controlfield tag="003">YPZ</controlfield>
    <controlfield tag="005">201011021611230</controlfield>
    <controlfield tag="008">101102|###########||||||b||||||||||spa|d</controlfield>
    <datafield tag="020" ind1=" " ind2=" ">
      <subfield code="a">9871240201</subfield>
    </datafield>
    <datafield tag="040" ind1=" " ind2=" ">
      <subfield code="c">SIUNPA</subfield>
    </datafield>
    <datafield tag="041" ind1=" " ind2=" ">
      <subfield code="a">spa</subfield>
    </datafield>
    <datafield tag="044" ind1=" " ind2=" ">
      <subfield code="a">AR</subfield>
    </datafield>
    <datafield tag="080" ind1=" " ind2=" ">
      <subfield code="a">81'42 N238a2</subfield>
    </datafield>
    <datafield tag="100" ind1=" " ind2=" ">
      <subfield code="a">Narvaja de Arnoux, Elvira.</subfield>
    </datafield>
    <datafield tag="245" ind1=" " ind2=" ">
      <subfield code="a">Análisis del discurso</subfield>
      <subfield code="b"> : modos de abordar materiales de archivo</subfield>
    </datafield>
    <datafield tag="250" ind1=" " ind2=" ">
      <subfield code="a">2a ed.</subfield>
    </datafield>
    <datafield tag="260" ind1=" " ind2=" ">
      <subfield code="a">Buenos Aires</subfield>
      <subfield code="b"> : Santiago Arcos, ed.</subfield>
      <subfield code="c"> , 2009</subfield>
    </datafield>
    <datafield tag="650" ind1=" " ind2=" ">
      <subfield code="a"> ANALISIS DEL DISCURSO</subfield>
    </datafield>
    <datafield tag="942" ind1=" " ind2=" ">
      <subfield code="c">BK</subfield>
    </datafield>
    <datafield tag="952" ind1=" " ind2=" ">
      <subfield code="a">BIB_RECT</subfield>
      <subfield code="b">BIB_UARG</subfield>
      <subfield code="d">2010-11-02</subfield>
      <subfield code="y">BK</subfield>
      <subfield code="p">05-40240</subfield>
      <subfield code="i">05-40240</subfield>
      <subfield code="g">33</subfield>
      <subfield code="o">81'42 N238a2</subfield>
      <subfield code="e">SIUNPA</subfield>
      <subfield code="8">CG</subfield>
    </datafield>
    <datafield tag="952" ind1=" " ind2=" ">
      <subfield code="a">BIB_RECT</subfield>
      <subfield code="b">BIB_UARG</subfield>
      <subfield code="d">2010-11-02</subfield>
      <subfield code="y">BK</subfield>
      <subfield code="p">05-40241</subfield>
      <subfield code="i">05-40241</subfield>
      <subfield code="g">33</subfield>
      <subfield code="o">81'42 N238a2</subfield>
      <subfield code="e">SIUNPA</subfield>
      <subfield code="8">CG</subfield>
    </datafield>
    <datafield tag="952" ind1=" " ind2=" ">
      <subfield code="a">BIB_RECT</subfield>
      <subfield code="b">BIB_UARG</subfield>
      <subfield code="d">2010-11-02</subfield>
      <subfield code="y">BK</subfield>
      <subfield code="p">05-40242</subfield>
      <subfield code="i">05-40242</subfield>
      <subfield code="g">33</subfield>
      <subfield code="o">81'42 N238a2</subfield>
      <subfield code="e">SIUNPA</subfield>
      <subfield code="8">CG</subfield>
    </datafield>
    <datafield tag="952" ind1=" " ind2=" ">
      <subfield code="a">BIB_RECT</subfield>
      <subfield code="b">BIB_UARG</subfield>
      <subfield code="d">2010-11-02</subfield>
      <subfield code="y">BK</subfield>
      <subfield code="p">05-40243</subfield>
      <subfield code="i">05-40243</subfield>
      <subfield code="g">33</subfield>
      <subfield code="o">81'42 N238a2</subfield>
      <subfield code="e">SIUNPA</subfield>
      <subfield code="8">CG</subfield>
    </datafield>
    <datafield tag="952" ind1=" " ind2=" ">
      <subfield code="a">BIB_RECT</subfield>
      <subfield code="b">BIB_UARG</subfield>
      <subfield code="d">2010-11-02</subfield>
      <subfield code="y">BK</subfield>
      <subfield code="p">05-40244</subfield>
      <subfield code="i">05-40244</subfield>
      <subfield code="g">33</subfield>
      <subfield code="o">81'42 N238a2</subfield>
      <subfield code="e">SIUNPA</subfield>
      <subfield code="8">CG</subfield>
    </datafield>
    <datafield tag="952" ind1=" " ind2=" ">
      <subfield code="a">BIB_RECT</subfield>
      <subfield code="b">BIB_UARG</subfield>
      <subfield code="d">2010-11-02</subfield>
      <subfield code="y">BK</subfield>
      <subfield code="p">05-40245</subfield>
      <subfield code="i">05-40245</subfield>
      <subfield code="g">33</subfield>
      <subfield code="o">81'42 N238a2</subfield>
      <subfield code="e">SIUNPA</subfield>
      <subfield code="8">CG</subfield>
    </datafield>
    <datafield tag="952" ind1=" " ind2=" ">
      <subfield code="a">BIB_RECT</subfield>
      <subfield code="b">BIB_UARG</subfield>
      <subfield code="d">2010-11-02</subfield>
      <subfield code="y">BK</subfield>
      <subfield code="p">05-40246</subfield>
      <subfield code="i">05-40246</subfield>
      <subfield code="g">33</subfield>
      <subfield code="o">81'42 N238a2</subfield>
      <subfield code="e">SIUNPA</subfield>
      <subfield code="8">CG</subfield>
    </datafield>
  </record>