
  <record>
    <leader>01000aam  22002601a 4500</leader>
    <controlfield tag="001">YPZ93577</controlfield>
    <controlfield tag="003">YPZ</controlfield>
    <controlfield tag="005">201011021634060</controlfield>
    <controlfield tag="008">101102|###########||||||b||||||||||spa|d</controlfield>
    <datafield tag="020" ind1=" " ind2=" ">
      <subfield code="a">9788433969750</subfield>
    </datafield>
    <datafield tag="040" ind1=" " ind2=" ">
      <subfield code="c">SIUNPA</subfield>
    </datafield>
    <datafield tag="041" ind1=" " ind2=" ">
      <subfield code="a">spa</subfield>
    </datafield>
    <datafield tag="044" ind1=" " ind2=" ">
      <subfield code="a">ES</subfield>
    </datafield>
    <datafield tag="080" ind1=" " ind2=" ">
      <subfield code="a">821.111 M478e</subfield>
    </datafield>
    <datafield tag="100" ind1=" " ind2=" ">
      <subfield code="a">McEwan, Ian.</subfield>
    </datafield>
    <datafield tag="245" ind1=" " ind2=" ">
      <subfield code="a">Expiación</subfield>
      <subfield code="c"> / Zulaika, Jaime, tr.</subfield>
    </datafield>
    <datafield tag="250" ind1=" " ind2=" ">
      <subfield code="a">5a ed.</subfield>
    </datafield>
    <datafield tag="260" ind1=" " ind2=" ">
      <subfield code="a">Barcelona</subfield>
      <subfield code="b"> : Anagrama</subfield>
      <subfield code="c"> , 2008</subfield>
    </datafield>
    <datafield tag="440" ind1=" " ind2=" ">
      <subfield code="a">Colección ideas en debate. Serie Historia antigua-moderna</subfield>
      <subfield code="a">Statistics for biology and health</subfield>
      <subfield code="a">Teoría e investigación</subfield>
      <subfield code="a">Colección contracorriente</subfield>
      <subfield code="a">Colección instrumentos</subfield>
      <subfield code="a">Colección Griegos y Latinos</subfield>
      <subfield code="a">Panorama de narrativas</subfield>
      <subfield code="v">515</subfield>
    </datafield>
    <datafield tag="490" ind1=" " ind2=" ">
      <subfield code="a">Colección ideas en debate. Serie Historia antigua-moderna</subfield>
      <subfield code="a">Statistics for biology and health</subfield>
      <subfield code="a">Teoría e investigación</subfield>
      <subfield code="a">Colección contracorriente</subfield>
      <subfield code="a">Colección instrumentos</subfield>
      <subfield code="a">Colección Griegos y Latinos</subfield>
      <subfield code="a">Panorama de narrativas</subfield>
      <subfield code="v">515</subfield>
    </datafield>
    <datafield tag="650" ind1=" " ind2=" ">
      <subfield code="a"> LITERATURA INGLESA</subfield>
    </datafield>
    <datafield tag="650" ind1=" " ind2=" ">
      <subfield code="a"> NOVELA</subfield>
    </datafield>
    <datafield tag="942" ind1=" " ind2=" ">
      <subfield code="c">BK</subfield>
    </datafield>
    <datafield tag="952" ind1=" " ind2=" ">
      <subfield code="a">BIB_RECT</subfield>
      <subfield code="b">BIB_UARG</subfield>
      <subfield code="d">2010-10-20</subfield>
      <subfield code="y">BK</subfield>
      <subfield code="p">05-40217</subfield>
      <subfield code="i">05-40217</subfield>
      <subfield code="g">130</subfield>
      <subfield code="o">821.111 M478e</subfield>
      <subfield code="e">Compra SIUNPA</subfield>
      <subfield code="8">CG</subfield>
    </datafield>
  </record>