
  <record>
    <leader>01000aam  22002601a 4500</leader>
    <controlfield tag="001">YPZ93586</controlfield>
    <controlfield tag="003">YPZ</controlfield>
    <controlfield tag="005">201011041525090</controlfield>
    <controlfield tag="008">101104|###########||||||b||||||||||spa|d</controlfield>
    <datafield tag="020" ind1=" " ind2=" ">
      <subfield code="a">9789875581753</subfield>
    </datafield>
    <datafield tag="040" ind1=" " ind2=" ">
      <subfield code="c">SIUNPA</subfield>
    </datafield>
    <datafield tag="041" ind1=" " ind2=" ">
      <subfield code="a">spa</subfield>
    </datafield>
    <datafield tag="044" ind1=" " ind2=" ">
      <subfield code="a">AR</subfield>
    </datafield>
    <datafield tag="080" ind1=" " ind2=" ">
      <subfield code="a">37.013 G884p</subfield>
    </datafield>
    <datafield tag="100" ind1=" " ind2=" ">
      <subfield code="a">Grinberg, Silvia Mariela.</subfield>
    </datafield>
    <datafield tag="700" ind1=" " ind2=" ">
      <subfield code="a">Levy, Esther.</subfield>
    </datafield>
    <datafield tag="245" ind1=" " ind2=" ">
      <subfield code="a">Pedagogía, currículo y subjetividad</subfield>
      <subfield code="b"> : entre pasado y futuro</subfield>
    </datafield>
    <datafield tag="260" ind1=" " ind2=" ">
      <subfield code="a">Bernal</subfield>
      <subfield code="b"> : Universidad Nacional de Quilmes</subfield>
      <subfield code="c"> , 2009</subfield>
    </datafield>
    <datafield tag="440" ind1=" " ind2=" ">
      <subfield code="a">Politeia</subfield>
      <subfield code="a">Biblioteca del docente</subfield>
      <subfield code="a">Cuadernos universitarios / Universidad Nacional de Quilmes</subfield>
      <subfield code="v">15</subfield>
    </datafield>
    <datafield tag="490" ind1=" " ind2=" ">
      <subfield code="a">Politeia</subfield>
      <subfield code="a">Biblioteca del docente</subfield>
      <subfield code="a">Cuadernos universitarios / Universidad Nacional de Quilmes</subfield>
      <subfield code="v">15</subfield>
    </datafield>
    <datafield tag="650" ind1=" " ind2=" ">
      <subfield code="a"> PEDAGOGIA</subfield>
    </datafield>
    <datafield tag="650" ind1=" " ind2=" ">
      <subfield code="a"> EDUCACION</subfield>
    </datafield>
    <datafield tag="650" ind1=" " ind2=" ">
      <subfield code="a"> CURRICULUM ESCOLAR</subfield>
    </datafield>
    <datafield tag="942" ind1=" " ind2=" ">
      <subfield code="c">BK</subfield>
    </datafield>
    <datafield tag="952" ind1=" " ind2=" ">
      <subfield code="a">BIB_RECT</subfield>
      <subfield code="b">BIB_UACO</subfield>
      <subfield code="d">2010-11-04</subfield>
      <subfield code="y">BK</subfield>
      <subfield code="p">02-40293</subfield>
      <subfield code="i">02-40293</subfield>
      <subfield code="g">27</subfield>
      <subfield code="o">37.013 G884p</subfield>
      <subfield code="e">SIUNPA</subfield>
      <subfield code="8">CG</subfield>
    </datafield>
    <datafield tag="952" ind1=" " ind2=" ">
      <subfield code="a">BIB_RECT</subfield>
      <subfield code="b">BIB_UACO</subfield>
      <subfield code="d">2010-11-04</subfield>
      <subfield code="y">BK</subfield>
      <subfield code="p">02-40294</subfield>
      <subfield code="i">02-40294</subfield>
      <subfield code="g">27</subfield>
      <subfield code="o">37.013 G884p</subfield>
      <subfield code="e">SIUNPA</subfield>
      <subfield code="8">CG</subfield>
    </datafield>
    <datafield tag="952" ind1=" " ind2=" ">
      <subfield code="a">BIB_RECT</subfield>
      <subfield code="b">BIB_UACO</subfield>
      <subfield code="d">2010-11-04</subfield>
      <subfield code="y">BK</subfield>
      <subfield code="p">02-40295</subfield>
      <subfield code="i">02-40295</subfield>
      <subfield code="g">27</subfield>
      <subfield code="o">37.013 G884p</subfield>
      <subfield code="e">SIUNPA</subfield>
      <subfield code="8">CG</subfield>
    </datafield>
    <datafield tag="952" ind1=" " ind2=" ">
      <subfield code="a">BIB_RECT</subfield>
      <subfield code="b">BIB_UACO</subfield>
      <subfield code="d">2010-11-04</subfield>
      <subfield code="y">BK</subfield>
      <subfield code="p">02-40296</subfield>
      <subfield code="i">02-40296</subfield>
      <subfield code="g">27</subfield>
      <subfield code="o">37.013 G884p</subfield>
      <subfield code="e">SIUNPA</subfield>
      <subfield code="8">CG</subfield>
    </datafield>
    <datafield tag="952" ind1=" " ind2=" ">
      <subfield code="a">BIB_RECT</subfield>
      <subfield code="b">BIB_UACO</subfield>
      <subfield code="d">2010-11-04</subfield>
      <subfield code="y">BK</subfield>
      <subfield code="p">02-40297</subfield>
      <subfield code="i">02-40297</subfield>
      <subfield code="g">27</subfield>
      <subfield code="o">37.013 G884p</subfield>
      <subfield code="e">SIUNPA</subfield>
      <subfield code="8">CG</subfield>
    </datafield>
    <datafield tag="952" ind1=" " ind2=" ">
      <subfield code="a">BIB_RECT</subfield>
      <subfield code="b">BIB_UACO</subfield>
      <subfield code="d">2010-11-04</subfield>
      <subfield code="y">BK</subfield>
      <subfield code="p">02-40298</subfield>
      <subfield code="i">02-40298</subfield>
      <subfield code="g">27</subfield>
      <subfield code="o">37.013 G884p</subfield>
      <subfield code="e">SIUNPA</subfield>
      <subfield code="8">CG</subfield>
    </datafield>
    <datafield tag="952" ind1=" " ind2=" ">
      <subfield code="a">BIB_RECT</subfield>
      <subfield code="b">BIB_UACO</subfield>
      <subfield code="d">2010-11-04</subfield>
      <subfield code="y">BK</subfield>
      <subfield code="p">02-40299</subfield>
      <subfield code="i">02-40299</subfield>
      <subfield code="g">27</subfield>
      <subfield code="o">37.013 G884p</subfield>
      <subfield code="e">SIUNPA</subfield>
      <subfield code="8">CG</subfield>
    </datafield>
    <datafield tag="952" ind1=" " ind2=" ">
      <subfield code="a">BIB_RECT</subfield>
      <subfield code="b">BIB_UACO</subfield>
      <subfield code="d">2010-11-04</subfield>
      <subfield code="y">BK</subfield>
      <subfield code="p">02-40300</subfield>
      <subfield code="i">02-40300</subfield>
      <subfield code="g">27</subfield>
      <subfield code="o">37.013 G884p</subfield>
      <subfield code="e">SIUNPA</subfield>
      <subfield code="8">CG</subfield>
    </datafield>
    <datafield tag="952" ind1=" " ind2=" ">
      <subfield code="a">BIB_RECT</subfield>
      <subfield code="b">BIB_UACO</subfield>
      <subfield code="d">2010-11-04</subfield>
      <subfield code="y">BK</subfield>
      <subfield code="p">02-40301</subfield>
      <subfield code="i">02-40301</subfield>
      <subfield code="g">27</subfield>
      <subfield code="o">37.013 G884p</subfield>
      <subfield code="e">SIUNPA</subfield>
      <subfield code="8">CG</subfield>
    </datafield>
    <datafield tag="952" ind1=" " ind2=" ">
      <subfield code="a">BIB_RECT</subfield>
      <subfield code="b">BIB_UACO</subfield>
      <subfield code="d">2010-11-04</subfield>
      <subfield code="y">BK</subfield>
      <subfield code="p">02-40302</subfield>
      <subfield code="i">02-40302</subfield>
      <subfield code="g">27</subfield>
      <subfield code="o">37.013 G884p</subfield>
      <subfield code="e">SIUNPA</subfield>
      <subfield code="8">CG</subfield>
    </datafield>
    <datafield tag="952" ind1=" " ind2=" ">
      <subfield code="a">BIB_RECT</subfield>
      <subfield code="b">BIB_UACO</subfield>
      <subfield code="d">2010-11-04</subfield>
      <subfield code="y">BK</subfield>
      <subfield code="p">02-40303</subfield>
      <subfield code="i">02-40303</subfield>
      <subfield code="g">27</subfield>
      <subfield code="o">37.013 G884p</subfield>
      <subfield code="e">SIUNPA</subfield>
      <subfield code="8">CG</subfield>
    </datafield>
    <datafield tag="952" ind1=" " ind2=" ">
      <subfield code="a">BIB_RECT</subfield>
      <subfield code="b">BIB_UACO</subfield>
      <subfield code="d">2010-11-04</subfield>
      <subfield code="y">BK</subfield>
      <subfield code="p">02-40304</subfield>
      <subfield code="i">02-40304</subfield>
      <subfield code="g">27</subfield>
      <subfield code="o">37.013 G884p</subfield>
      <subfield code="e">SIUNPA</subfield>
      <subfield code="8">CG</subfield>
    </datafield>
    <datafield tag="952" ind1=" " ind2=" ">
      <subfield code="a">BIB_RECT</subfield>
      <subfield code="b">BIB_UACO</subfield>
      <subfield code="d">2010-11-04</subfield>
      <subfield code="y">BK</subfield>
      <subfield code="p">02-40305</subfield>
      <subfield code="i">02-40305</subfield>
      <subfield code="g">27</subfield>
      <subfield code="o">37.013 G884p</subfield>
      <subfield code="e">SIUNPA</subfield>
      <subfield code="8">CG</subfield>
    </datafield>
    <datafield tag="952" ind1=" " ind2=" ">
      <subfield code="a">BIB_RECT</subfield>
      <subfield code="b">BIB_UACO</subfield>
      <subfield code="d">2010-11-04</subfield>
      <subfield code="y">BK</subfield>
      <subfield code="p">02-40306</subfield>
      <subfield code="i">02-40306</subfield>
      <subfield code="g">27</subfield>
      <subfield code="o">37.013 G884p</subfield>
      <subfield code="e">SIUNPA</subfield>
      <subfield code="8">CG</subfield>
    </datafield>
    <datafield tag="952" ind1=" " ind2=" ">
      <subfield code="a">BIB_RECT</subfield>
      <subfield code="b">BIB_UACO</subfield>
      <subfield code="d">2010-11-04</subfield>
      <subfield code="y">BK</subfield>
      <subfield code="p">02-40307</subfield>
      <subfield code="i">02-40307</subfield>
      <subfield code="g">27</subfield>
      <subfield code="o">37.013 G884p</subfield>
      <subfield code="e">SIUNPA</subfield>
      <subfield code="8">CG</subfield>
    </datafield>
    <datafield tag="952" ind1=" " ind2=" ">
      <subfield code="a">BIB_RECT</subfield>
      <subfield code="b">BIB_UACO</subfield>
      <subfield code="d">2010-11-04</subfield>
      <subfield code="y">BK</subfield>
      <subfield code="p">02-40308</subfield>
      <subfield code="i">02-40308</subfield>
      <subfield code="g">27</subfield>
      <subfield code="o">37.013 G884p</subfield>
      <subfield code="e">SIUNPA</subfield>
      <subfield code="8">CG</subfield>
    </datafield>
    <datafield tag="952" ind1=" " ind2=" ">
      <subfield code="a">BIB_RECT</subfield>
      <subfield code="b">BIB_UACO</subfield>
      <subfield code="d">2010-11-04</subfield>
      <subfield code="y">BK</subfield>
      <subfield code="p">02-40309</subfield>
      <subfield code="i">02-40309</subfield>
      <subfield code="g">27</subfield>
      <subfield code="o">37.013 G884p</subfield>
      <subfield code="e">SIUNPA</subfield>
      <subfield code="8">CG</subfield>
    </datafield>
    <datafield tag="952" ind1=" " ind2=" ">
      <subfield code="a">BIB_RECT</subfield>
      <subfield code="b">BIB_UACO</subfield>
      <subfield code="d">2010-11-04</subfield>
      <subfield code="y">BK</subfield>
      <subfield code="p">02-40310</subfield>
      <subfield code="i">02-40310</subfield>
      <subfield code="g">27</subfield>
      <subfield code="o">37.013 G884p</subfield>
      <subfield code="e">SIUNPA</subfield>
      <subfield code="8">CG</subfield>
    </datafield>
    <datafield tag="952" ind1=" " ind2=" ">
      <subfield code="a">BIB_RECT</subfield>
      <subfield code="b">BIB_UACO</subfield>
      <subfield code="d">2010-11-04</subfield>
      <subfield code="y">BK</subfield>
      <subfield code="p">02-40311</subfield>
      <subfield code="i">02-40311</subfield>
      <subfield code="g">27</subfield>
      <subfield code="o">37.013 G884p</subfield>
      <subfield code="e">SIUNPA</subfield>
      <subfield code="8">CG</subfield>
    </datafield>
    <datafield tag="952" ind1=" " ind2=" ">
      <subfield code="a">BIB_RECT</subfield>
      <subfield code="b">BIB_UACO</subfield>
      <subfield code="d">2010-11-04</subfield>
      <subfield code="y">BK</subfield>
      <subfield code="p">02-40312</subfield>
      <subfield code="i">02-40312</subfield>
      <subfield code="g">27</subfield>
      <subfield code="o">37.013 G884p</subfield>
      <subfield code="e">SIUNPA</subfield>
      <subfield code="8">CG</subfield>
    </datafield>
  </record>