
  <record>
    <leader>01000aam  22002601a 4500</leader>
    <controlfield tag="001">YPZ93594</controlfield>
    <controlfield tag="003">YPZ</controlfield>
    <controlfield tag="005">201011081413090</controlfield>
    <controlfield tag="008">101108|###########||||||b||||||||||spa|d</controlfield>
    <datafield tag="020" ind1=" " ind2=" ">
      <subfield code="a">8431321938</subfield>
    </datafield>
    <datafield tag="040" ind1=" " ind2=" ">
      <subfield code="c">SIUNPA</subfield>
    </datafield>
    <datafield tag="041" ind1=" " ind2=" ">
      <subfield code="a">spa</subfield>
    </datafield>
    <datafield tag="044" ind1=" " ind2=" ">
      <subfield code="a">ES</subfield>
    </datafield>
    <datafield tag="080" ind1=" " ind2=" ">
      <subfield code="a">14 G962e</subfield>
    </datafield>
    <datafield tag="100" ind1=" " ind2=" ">
      <subfield code="a">Gilson, Étienne.</subfield>
    </datafield>
    <datafield tag="245" ind1=" " ind2=" ">
      <subfield code="a">Eloísa y Abelardo</subfield>
      <subfield code="c"> / González, Serafín, tr. ; Zorroza, María Idoya, rev. y ap. bibliog. de ; Cruz Cruz, Juan, pról.</subfield>
    </datafield>
    <datafield tag="260" ind1=" " ind2=" ">
      <subfield code="a">Navarra</subfield>
      <subfield code="b"> : Ediciones Universidad de Navarra, EUNSA</subfield>
      <subfield code="c"> , 2004</subfield>
    </datafield>
    <datafield tag="440" ind1=" " ind2=" ">
      <subfield code="a">Colección Griegos y Latinos</subfield>
      <subfield code="a">Colección Griegos y Latinos</subfield>
      <subfield code="a">Colección Griegos y Latinos</subfield>
      <subfield code="a">Colección intersecciones</subfield>
      <subfield code="a">Colección de pensamiento medieval y renacentista</subfield>
      <subfield code="v">58</subfield>
    </datafield>
    <datafield tag="490" ind1=" " ind2=" ">
      <subfield code="a">Colección Griegos y Latinos</subfield>
      <subfield code="a">Colección Griegos y Latinos</subfield>
      <subfield code="a">Colección Griegos y Latinos</subfield>
      <subfield code="a">Colección intersecciones</subfield>
      <subfield code="a">Colección de pensamiento medieval y renacentista</subfield>
      <subfield code="v">58</subfield>
    </datafield>
    <datafield tag="650" ind1=" " ind2=" ">
      <subfield code="a"> FILOSOFIA</subfield>
    </datafield>
    <datafield tag="650" ind1=" " ind2=" ">
      <subfield code="a"> BIOGRAFIA</subfield>
    </datafield>
    <datafield tag="650" ind1=" " ind2=" ">
      <subfield code="a"> ABELARDO, PEDRO (1079</subfield>
    </datafield>
    <datafield tag="650" ind1=" " ind2=" ">
      <subfield code="a">1142)</subfield>
    </datafield>
    <datafield tag="650" ind1=" " ind2=" ">
      <subfield code="a"> ELOISA (1101</subfield>
    </datafield>
    <datafield tag="650" ind1=" " ind2=" ">
      <subfield code="a">1164)</subfield>
    </datafield>
    <datafield tag="942" ind1=" " ind2=" ">
      <subfield code="c">BK</subfield>
    </datafield>
    <datafield tag="952" ind1=" " ind2=" ">
      <subfield code="a">BIB_RECT</subfield>
      <subfield code="b">BIB_UARG</subfield>
      <subfield code="d">2010-11-08</subfield>
      <subfield code="y">BK</subfield>
      <subfield code="p">05-40249</subfield>
      <subfield code="i">05-40249</subfield>
      <subfield code="g">92</subfield>
      <subfield code="o">14 G962e</subfield>
      <subfield code="e">SIUNPA</subfield>
      <subfield code="8">CG</subfield>
    </datafield>
  </record>