
  <record>
    <leader>01000aam  22002601a 4500</leader>
    <controlfield tag="001">YPZ93601</controlfield>
    <controlfield tag="003">YPZ</controlfield>
    <controlfield tag="005">201011081703370</controlfield>
    <controlfield tag="008">101108|###########||||||b||||||||||spa|d</controlfield>
    <datafield tag="020" ind1=" " ind2=" ">
      <subfield code="a">9781405144391</subfield>
    </datafield>
    <datafield tag="040" ind1=" " ind2=" ">
      <subfield code="c">SIUNPA</subfield>
    </datafield>
    <datafield tag="041" ind1=" " ind2=" ">
      <subfield code="a">eng</subfield>
    </datafield>
    <datafield tag="044" ind1=" " ind2=" ">
      <subfield code="a">US</subfield>
    </datafield>
    <datafield tag="080" ind1=" " ind2=" ">
      <subfield code="a">502.74 O971i</subfield>
    </datafield>
    <datafield tag="100" ind1=" " ind2=" ">
      <subfield code="a">Owen-Smith, Norman.</subfield>
    </datafield>
    <datafield tag="245" ind1=" " ind2=" ">
      <subfield code="a">Introduction to modeling in wildlife and resource conservation</subfield>
    </datafield>
    <datafield tag="260" ind1=" " ind2=" ">
      <subfield code="a">Malden, Mass.</subfield>
      <subfield code="b"> : Blackwell</subfield>
      <subfield code="c"> , 2007</subfield>
    </datafield>
    <datafield tag="300" ind1=" " ind2=" ">
      <subfield code="a">349 p. : </subfield>
      <subfield code="b">il. ; </subfield>
      <subfield code="a">140 p. : </subfield>
      <subfield code="a">151 p. : </subfield>
      <subfield code="a">454 p. : </subfield>
      <subfield code="b">il. ; </subfield>
      <subfield code="a">v. : </subfield>
      <subfield code="a">191 p. : </subfield>
      <subfield code="a">429 p. : </subfield>
      <subfield code="a">219 p. : </subfield>
      <subfield code="b">il. ; </subfield>
      <subfield code="a">254 p. : </subfield>
      <subfield code="b">il. ; </subfield>
      <subfield code="a">xiii, 198 p. : </subfield>
      <subfield code="b">il. ; </subfield>
      <subfield code="a">xlvii, 713 p. : </subfield>
      <subfield code="a">110 p. : </subfield>
      <subfield code="a">276 p. : </subfield>
      <subfield code="a">618 p. : </subfield>
      <subfield code="b">il. ; </subfield>
      <subfield code="a">380 p. : </subfield>
      <subfield code="a">822 p. : </subfield>
      <subfield code="b">il. ; </subfield>
      <subfield code="a">1015 p. : </subfield>
      <subfield code="b">il. ; </subfield>
      <subfield code="a">168 p. : </subfield>
      <subfield code="a">439 p. : </subfield>
      <subfield code="b">il. ; </subfield>
      <subfield code="a">154 p. : </subfield>
      <subfield code="b">il. ; </subfield>
      <subfield code="a">222 p. : </subfield>
      <subfield code="a">318 p. : </subfield>
      <subfield code="b">il. ; </subfield>
      <subfield code="a">397 p. : </subfield>
      <subfield code="a">202 p. : </subfield>
      <subfield code="a">383 p. : </subfield>
      <subfield code="a">xxvii, 477 p. : </subfield>
      <subfield code="b">il. ; </subfield>
      <subfield code="a">xviii, 320 p. : </subfield>
      <subfield code="b">il. ; </subfield>
      <subfield code="a">xix, 793 p. : </subfield>
      <subfield code="b">il. ; </subfield>
      <subfield code="a">xxii, 574 p. : </subfield>
      <subfield code="b">il. ; </subfield>
      <subfield code="a">vii, 396 p. : </subfield>
      <subfield code="b">il. ; </subfield>
      <subfield code="a">278 p. : </subfield>
      <subfield code="b">il. ; </subfield>
      <subfield code="a">283 p. : </subfield>
      <subfield code="a">278 p. : </subfield>
      <subfield code="a">2 v. : </subfield>
      <subfield code="a">764 p. : </subfield>
      <subfield code="a">138 p. : </subfield>
      <subfield code="a">219 p. : </subfield>
      <subfield code="a">435 p. : </subfield>
      <subfield code="a">v. : </subfield>
      <subfield code="a">255 p. : </subfield>
      <subfield code="b">il. ; </subfield>
      <subfield code="a">149 p. : </subfield>
      <subfield code="a">273 p. : </subfield>
      <subfield code="a">187 p. : </subfield>
      <subfield code="a">799 p. : </subfield>
      <subfield code="b">il. ; </subfield>
      <subfield code="a">xxv, 520 p. : </subfield>
      <subfield code="b">il. ; </subfield>
      <subfield code="a">xxii, 333 p. : </subfield>
      <subfield code="b">il. ; </subfield>
      <subfield code="a">167 p. : </subfield>
      <subfield code="b">il. ; </subfield>
      <subfield code="a">237 p. : </subfield>
      <subfield code="b">il. ; </subfield>
      <subfield code="a">92 p. : </subfield>
      <subfield code="a">157 p. : </subfield>
      <subfield code="a">213 p. : </subfield>
      <subfield code="a">191 p. : </subfield>
      <subfield code="a">2 v. : </subfield>
      <subfield code="a">299 p. : </subfield>
      <subfield code="a">183 p. : </subfield>
      <subfield code="a">286 p. : </subfield>
      <subfield code="b">il. ; </subfield>
      <subfield code="a">xviii, 457 p. : </subfield>
      <subfield code="b">il. ; </subfield>
      <subfield code="a">xii, 510 p. : </subfield>
      <subfield code="b">il. ; </subfield>
      <subfield code="a">159 p. : </subfield>
      <subfield code="a">xviii, 307 p. : </subfield>
      <subfield code="a">189 p. : </subfield>
      <subfield code="a">xii, 332 p. : </subfield>
      <subfield code="b">il. ; </subfield>
      <subfield code="e">1 CD-ROM en bolsillo</subfield>
    </datafield>
    <datafield tag="650" ind1=" " ind2=" ">
      <subfield code="a"> BIOLOGIA  SIMULACION POR COMPUTADORA</subfield>
    </datafield>
    <datafield tag="650" ind1=" " ind2=" ">
      <subfield code="a"> CONSERVACION DE LA FAUNA Y FLORA SILVESTRE</subfield>
    </datafield>
    <datafield tag="650" ind1=" " ind2=" ">
      <subfield code="a"> CONSERVACION DE LA VIDA SILVESTRE</subfield>
    </datafield>
    <datafield tag="650" ind1=" " ind2=" ">
      <subfield code="a"> CONSERVACION DE ESPECIES</subfield>
    </datafield>
    <datafield tag="942" ind1=" " ind2=" ">
      <subfield code="c">BK</subfield>
    </datafield>
    <datafield tag="952" ind1=" " ind2=" ">
      <subfield code="a">BIB_RECT</subfield>
      <subfield code="b">BIB_UARG</subfield>
      <subfield code="d">2010-11-08</subfield>
      <subfield code="y">BK</subfield>
      <subfield code="p">05-40291</subfield>
      <subfield code="i">05-40291</subfield>
      <subfield code="g">305.2</subfield>
      <subfield code="o">502.74 O971i</subfield>
      <subfield code="e">SIUNPA</subfield>
      <subfield code="8">CG</subfield>
    </datafield>
  </record>