
  <record>
    <leader>01000aam  22002601a 4500</leader>
    <controlfield tag="001">YPZ93621</controlfield>
    <controlfield tag="003">YPZ</controlfield>
    <controlfield tag="005">201011161700410</controlfield>
    <controlfield tag="008">101116|###########||||||b||||||||||spa|d</controlfield>
    <datafield tag="020" ind1=" " ind2=" ">
      <subfield code="a">9780444520685</subfield>
    </datafield>
    <datafield tag="020" ind1=" " ind2=" ">
      <subfield code="a">0444520686</subfield>
    </datafield>
    <datafield tag="020" ind1=" " ind2=" ">
      <subfield code="a">0444520694 (CDROM)</subfield>
    </datafield>
    <datafield tag="040" ind1=" " ind2=" ">
      <subfield code="c">SIUNPA</subfield>
    </datafield>
    <datafield tag="041" ind1=" " ind2=" ">
      <subfield code="a">eng</subfield>
    </datafield>
    <datafield tag="044" ind1=" " ind2=" ">
      <subfield code="a">NL</subfield>
    </datafield>
    <datafield tag="080" ind1=" " ind2=" ">
      <subfield code="a">628.3 U552u</subfield>
    </datafield>
    <datafield tag="245" ind1=" " ind2=" ">
      <subfield code="a">Underground injection science and technology</subfield>
      <subfield code="c"> / Tsang, Chin-Fu, ed. ; Apps, J.A., ed.</subfield>
    </datafield>
    <datafield tag="250" ind1=" " ind2=" ">
      <subfield code="a">1st ed.</subfield>
    </datafield>
    <datafield tag="260" ind1=" " ind2=" ">
      <subfield code="a">Amsterdam</subfield>
      <subfield code="b"> : Elsevier</subfield>
      <subfield code="c"> , 2005</subfield>
    </datafield>
    <datafield tag="300" ind1=" " ind2=" ">
      <subfield code="a">iv, 128 p. : </subfield>
      <subfield code="b">il., fot. ; </subfield>
      <subfield code="a">386 p. : </subfield>
      <subfield code="a">262 p. : </subfield>
      <subfield code="a">302 p. : </subfield>
      <subfield code="b">il. ; </subfield>
      <subfield code="a">412 p. : </subfield>
      <subfield code="b">il. ; </subfield>
      <subfield code="a">266 p. : </subfield>
      <subfield code="b">il. ; </subfield>
      <subfield code="a">191 p. : </subfield>
      <subfield code="b">il. ; </subfield>
      <subfield code="a">365 p. : </subfield>
      <subfield code="a">191 p : </subfield>
      <subfield code="b">il. ; </subfield>
      <subfield code="a">91 p. : </subfield>
      <subfield code="a">204 p : </subfield>
      <subfield code="a">245 p. : </subfield>
      <subfield code="b">il. ; </subfield>
      <subfield code="a">xxv, 219 p. : </subfield>
      <subfield code="b">il. ; </subfield>
      <subfield code="a">xx, 243 p. : </subfield>
      <subfield code="b">il. ; </subfield>
      <subfield code="a">xiii, 438 p. : </subfield>
      <subfield code="b">il. ; </subfield>
      <subfield code="a">x, 221 p. : </subfield>
      <subfield code="b">il. ; </subfield>
      <subfield code="a">xxxix, 736 p. : </subfield>
      <subfield code="b">il. ; </subfield>
      <subfield code="a">xi, 178 p. : </subfield>
      <subfield code="b">il. ; </subfield>
      <subfield code="a">xxii, 297 p. : </subfield>
      <subfield code="a">xxvi, 704 p. : </subfield>
      <subfield code="b">il. ; </subfield>
      <subfield code="e">1 CD-ROM en bolsillo</subfield>
    </datafield>
    <datafield tag="440" ind1=" " ind2=" ">
      <subfield code="a">The pragmatic programmers</subfield>
      <subfield code="a">A comprehensive step-by-step guide</subfield>
      <subfield code="a">Computer supported cooperative work</subfield>
      <subfield code="a">The expert's voice in open source</subfield>
      <subfield code="a">Developments in water sciences</subfield>
      <subfield code="v">52</subfield>
    </datafield>
    <datafield tag="490" ind1=" " ind2=" ">
      <subfield code="a">The pragmatic programmers</subfield>
      <subfield code="a">A comprehensive step-by-step guide</subfield>
      <subfield code="a">Computer supported cooperative work</subfield>
      <subfield code="a">The expert's voice in open source</subfield>
      <subfield code="a">Developments in water sciences</subfield>
      <subfield code="v">52</subfield>
    </datafield>
    <datafield tag="650" ind1=" " ind2=" ">
      <subfield code="a"> AGUAS RESIDUALES</subfield>
    </datafield>
    <datafield tag="650" ind1=" " ind2=" ">
      <subfield code="a"> TRATAMIENTO DEL AGUA</subfield>
    </datafield>
    <datafield tag="650" ind1=" " ind2=" ">
      <subfield code="a"> CONTAMINANTES </subfield>
    </datafield>
    <datafield tag="650" ind1=" " ind2=" ">
      <subfield code="a"> VERTIDO DE RESIDUOS</subfield>
    </datafield>
    <datafield tag="650" ind1=" " ind2=" ">
      <subfield code="a"> POLUCION DEL SUELO </subfield>
    </datafield>
    <datafield tag="650" ind1=" " ind2=" ">
      <subfield code="a"> POLUCION DEL AGUA</subfield>
    </datafield>
    <datafield tag="650" ind1=" " ind2=" ">
      <subfield code="a"> POLUCION DEL AIRE</subfield>
    </datafield>
    <datafield tag="942" ind1=" " ind2=" ">
      <subfield code="c">BK</subfield>
    </datafield>
    <datafield tag="952" ind1=" " ind2=" ">
      <subfield code="a">BIB_RECT</subfield>
      <subfield code="b">BIB_UARG</subfield>
      <subfield code="d">2010-11-16</subfield>
      <subfield code="y">BK</subfield>
      <subfield code="p">05-40324</subfield>
      <subfield code="i">05-40324</subfield>
      <subfield code="g">959</subfield>
      <subfield code="o">628.3 U552u</subfield>
      <subfield code="e">SIUNPA</subfield>
      <subfield code="8">CG</subfield>
    </datafield>
  </record>