
  <record>
    <leader>01000aam  22002601a 4500</leader>
    <controlfield tag="001">YPZ93634</controlfield>
    <controlfield tag="003">YPZ</controlfield>
    <controlfield tag="005">201011171523480</controlfield>
    <controlfield tag="008">101117|###########||||||b||||||||||spa|d</controlfield>
    <datafield tag="020" ind1=" " ind2=" ">
      <subfield code="a">9508020784</subfield>
    </datafield>
    <datafield tag="040" ind1=" " ind2=" ">
      <subfield code="c">SIUNPA</subfield>
    </datafield>
    <datafield tag="041" ind1=" " ind2=" ">
      <subfield code="a">spa</subfield>
    </datafield>
    <datafield tag="044" ind1=" " ind2=" ">
      <subfield code="a">AR</subfield>
    </datafield>
    <datafield tag="080" ind1=" " ind2=" ">
      <subfield code="a">364.442.2 R893p</subfield>
    </datafield>
    <datafield tag="100" ind1=" " ind2=" ">
      <subfield code="a">Rozas Pagaza, Margarita.</subfield>
    </datafield>
    <datafield tag="245" ind1=" " ind2=" ">
      <subfield code="a">Una perspectiva teórica metodológica de la intervención en trabajo social</subfield>
    </datafield>
    <datafield tag="250" ind1=" " ind2=" ">
      <subfield code="a">1a ed., 4a reimpr.</subfield>
    </datafield>
    <datafield tag="260" ind1=" " ind2=" ">
      <subfield code="a">Buenos Aires</subfield>
      <subfield code="b"> : Espacio</subfield>
      <subfield code="c"> , 2009</subfield>
    </datafield>
    <datafield tag="650" ind1=" " ind2=" ">
      <subfield code="a"> TRABAJO SOCIAL</subfield>
    </datafield>
    <datafield tag="942" ind1=" " ind2=" ">
      <subfield code="c">BK</subfield>
    </datafield>
    <datafield tag="952" ind1=" " ind2=" ">
      <subfield code="a">BIB_RECT</subfield>
      <subfield code="b">BIB_UASJ</subfield>
      <subfield code="d">2012-09-04</subfield>
      <subfield code="y">BK</subfield>
      <subfield code="p">04-43028</subfield>
      <subfield code="i">04-43028</subfield>
      <subfield code="g">46.9</subfield>
      <subfield code="o">364.442.2 R893p</subfield>
      <subfield code="e">Compra SIUNPA</subfield>
      <subfield code="8">CG</subfield>
    </datafield>
    <datafield tag="952" ind1=" " ind2=" ">
      <subfield code="a">BIB_RECT</subfield>
      <subfield code="b">BIB_UASJ</subfield>
      <subfield code="d">2012-09-04</subfield>
      <subfield code="y">BK</subfield>
      <subfield code="p">04-43029</subfield>
      <subfield code="i">04-43029</subfield>
      <subfield code="g">46.9</subfield>
      <subfield code="o">364.442.2 R893p</subfield>
      <subfield code="e">Compra SIUNPA</subfield>
      <subfield code="8">CG</subfield>
    </datafield>
    <datafield tag="952" ind1=" " ind2=" ">
      <subfield code="a">BIB_RECT</subfield>
      <subfield code="b">BIB_UARG</subfield>
      <subfield code="d">2010-11-17</subfield>
      <subfield code="y">BK</subfield>
      <subfield code="p">05-40397</subfield>
      <subfield code="i">05-40397</subfield>
      <subfield code="g">75</subfield>
      <subfield code="o">364.442.2 R893p</subfield>
      <subfield code="e">PI 29A/251</subfield>
      <subfield code="8">CG</subfield>
    </datafield>
  </record>