
  <record>
    <leader>01000aam  22002601a 4500</leader>
    <controlfield tag="001">YPZ93638</controlfield>
    <controlfield tag="003">YPZ</controlfield>
    <controlfield tag="005">201011181458310</controlfield>
    <controlfield tag="008">101118|###########||||||b||||||||||spa|d</controlfield>
    <datafield tag="020" ind1=" " ind2=" ">
      <subfield code="a">8427109466</subfield>
    </datafield>
    <datafield tag="040" ind1=" " ind2=" ">
      <subfield code="c">SIUNPA</subfield>
    </datafield>
    <datafield tag="041" ind1=" " ind2=" ">
      <subfield code="a">spa</subfield>
    </datafield>
    <datafield tag="044" ind1=" " ind2=" ">
      <subfield code="a">ES</subfield>
    </datafield>
    <datafield tag="080" ind1=" " ind2=" ">
      <subfield code="a">159.925 G274c</subfield>
    </datafield>
    <datafield tag="100" ind1=" " ind2=" ">
      <subfield code="a">Gaussin, Jean.</subfield>
    </datafield>
    <datafield tag="245" ind1=" " ind2=" ">
      <subfield code="a">Conocer a los demás a través el rostro</subfield>
      <subfield code="c"> / Moreno Lara, Xavier, versión española</subfield>
    </datafield>
    <datafield tag="260" ind1=" " ind2=" ">
      <subfield code="a">Bilbao</subfield>
      <subfield code="b"> : Mensajero</subfield>
      <subfield code="c"> , 1975</subfield>
    </datafield>
    <datafield tag="650" ind1=" " ind2=" ">
      <subfield code="a"> EXPRESION CORPORAL</subfield>
    </datafield>
    <datafield tag="650" ind1=" " ind2=" ">
      <subfield code="a"> PSEUDOCIENCIA</subfield>
    </datafield>
    <datafield tag="650" ind1=" " ind2=" ">
      <subfield code="a"> PSICOLOGIA DE LA PERSONALIDAD</subfield>
    </datafield>
    <datafield tag="942" ind1=" " ind2=" ">
      <subfield code="c">BK</subfield>
    </datafield>
    <datafield tag="952" ind1=" " ind2=" ">
      <subfield code="a">BIB_RECT</subfield>
      <subfield code="b">BIB_UACO</subfield>
      <subfield code="d">2010-11-18</subfield>
      <subfield code="y">BK</subfield>
      <subfield code="p">02-40372</subfield>
      <subfield code="i">02-40372</subfield>
      <subfield code="g">69</subfield>
      <subfield code="o">159.925 G274c</subfield>
      <subfield code="e">Donación Lic. Guerra, Lía Gabriela</subfield>
      <subfield code="8">CG</subfield>
    </datafield>
  </record>