
  <record>
    <leader>01000aam  22002601a 4500</leader>
    <controlfield tag="001">YPZ93644</controlfield>
    <controlfield tag="003">YPZ</controlfield>
    <controlfield tag="005">201011181608470</controlfield>
    <controlfield tag="008">101118|###########||||||b||||||||||spa|d</controlfield>
    <datafield tag="020" ind1=" " ind2=" ">
      <subfield code="a">968164004</subfield>
    </datafield>
    <datafield tag="040" ind1=" " ind2=" ">
      <subfield code="c">SIUNPA</subfield>
    </datafield>
    <datafield tag="041" ind1=" " ind2=" ">
      <subfield code="a">spa</subfield>
    </datafield>
    <datafield tag="044" ind1=" " ind2=" ">
      <subfield code="a">AR</subfield>
    </datafield>
    <datafield tag="080" ind1=" " ind2=" ">
      <subfield code="a">821.162.3.09 B641k</subfield>
    </datafield>
    <datafield tag="100" ind1=" " ind2=" ">
      <subfield code="a">Blanchot, Maurice.</subfield>
    </datafield>
    <datafield tag="245" ind1=" " ind2=" ">
      <subfield code="a">De Kafka a Kafka</subfield>
      <subfield code="c"> / Ferrero, Jorge, tr.</subfield>
    </datafield>
    <datafield tag="250" ind1=" " ind2=" ">
      <subfield code="a">1a ed., 2a reimpr.</subfield>
    </datafield>
    <datafield tag="260" ind1=" " ind2=" ">
      <subfield code="a">México, D.F.</subfield>
      <subfield code="b"> : Fondo de Cultura Económica</subfield>
      <subfield code="c"> , 2004</subfield>
    </datafield>
    <datafield tag="440" ind1=" " ind2=" ">
      <subfield code="a">Psicología cognitiva y educación</subfield>
      <subfield code="a">Colección Ciencias Sociales / Espacio</subfield>
      <subfield code="a">Colección Ciencias Sociales / Espacio</subfield>
      <subfield code="a">Ciencias Sociales / Espacio</subfield>
      <subfield code="a">Ciencias Sociales / Espacio</subfield>
      <subfield code="a">Conocer a los demás</subfield>
      <subfield code="a">Conocer a los demás</subfield>
      <subfield code="a">Breviarios del Fondo de Cultura Económica</subfield>
      <subfield code="v">517</subfield>
    </datafield>
    <datafield tag="490" ind1=" " ind2=" ">
      <subfield code="a">Psicología cognitiva y educación</subfield>
      <subfield code="a">Colección Ciencias Sociales / Espacio</subfield>
      <subfield code="a">Colección Ciencias Sociales / Espacio</subfield>
      <subfield code="a">Ciencias Sociales / Espacio</subfield>
      <subfield code="a">Ciencias Sociales / Espacio</subfield>
      <subfield code="a">Conocer a los demás</subfield>
      <subfield code="a">Conocer a los demás</subfield>
      <subfield code="a">Breviarios del Fondo de Cultura Económica</subfield>
      <subfield code="v">517</subfield>
    </datafield>
    <datafield tag="650" ind1=" " ind2=" ">
      <subfield code="a"> LITERATURA CHECA</subfield>
    </datafield>
    <datafield tag="650" ind1=" " ind2=" ">
      <subfield code="a"> CRITICA LITERARIA</subfield>
    </datafield>
    <datafield tag="650" ind1=" " ind2=" ">
      <subfield code="a"> KAFKA, FRANZ (1883</subfield>
    </datafield>
    <datafield tag="650" ind1=" " ind2=" ">
      <subfield code="a">1924)</subfield>
    </datafield>
    <datafield tag="942" ind1=" " ind2=" ">
      <subfield code="c">BK</subfield>
    </datafield>
    <datafield tag="952" ind1=" " ind2=" ">
      <subfield code="a">BIB_RECT</subfield>
      <subfield code="b">BIB_UARG</subfield>
      <subfield code="d">2010-11-12</subfield>
      <subfield code="y">BK</subfield>
      <subfield code="p">05-40384</subfield>
      <subfield code="i">05-40384</subfield>
      <subfield code="g">36</subfield>
      <subfield code="o">821.162.3.09 B641k</subfield>
      <subfield code="e">Sub. para Est. Semi-Presenciales/07</subfield>
      <subfield code="8">CG</subfield>
    </datafield>
  </record>