
  <record>
    <leader>01000aam  22002601a 4500</leader>
    <controlfield tag="001">YPZ93662</controlfield>
    <controlfield tag="003">YPZ</controlfield>
    <controlfield tag="005">201011191809460</controlfield>
    <controlfield tag="008">101119|###########||||||b||||||||||spa|d</controlfield>
    <datafield tag="020" ind1=" " ind2=" ">
      <subfield code="a">9501265234</subfield>
    </datafield>
    <datafield tag="040" ind1=" " ind2=" ">
      <subfield code="c">SIUNPA</subfield>
    </datafield>
    <datafield tag="041" ind1=" " ind2=" ">
      <subfield code="a">spa</subfield>
    </datafield>
    <datafield tag="044" ind1=" " ind2=" ">
      <subfield code="a">AR</subfield>
    </datafield>
    <datafield tag="080" ind1=" " ind2=" ">
      <subfield code="a">159.964.2 D438e</subfield>
    </datafield>
    <datafield tag="100" ind1=" " ind2=" ">
      <subfield code="a">Derrida, Jacques.</subfield>
    </datafield>
    <datafield tag="245" ind1=" " ind2=" ">
      <subfield code="a">Estados de ánimo del psicoanálisis</subfield>
      <subfield code="b"> : presentación a los estados generales del psicoanálisis</subfield>
      <subfield code="c"> / Gallo, Virginia, tr.</subfield>
    </datafield>
    <datafield tag="250" ind1=" " ind2=" ">
      <subfield code="a">1a ed., 1a reimpr.</subfield>
    </datafield>
    <datafield tag="260" ind1=" " ind2=" ">
      <subfield code="a">Buenos Aires</subfield>
      <subfield code="b"> : Paidós</subfield>
      <subfield code="c"> , 2005</subfield>
    </datafield>
    <datafield tag="440" ind1=" " ind2=" ">
      <subfield code="a">Teoría / Siglo XXI</subfield>
      <subfield code="a">Colección edu/causa</subfield>
      <subfield code="a">Teoría / Siglo XXI</subfield>
      <subfield code="a">Taurus pensamiento</subfield>
      <subfield code="a">Ya es Historia / Corregidor</subfield>
      <subfield code="a">Colección el mirador / Continente</subfield>
      <subfield code="a">Mínima Trotta</subfield>
      <subfield code="a">Estudios sociales</subfield>
      <subfield code="a">Puñaladas. Ensayos de Punta</subfield>
      <subfield code="a">Espacios del saber</subfield>
      <subfield code="v">23</subfield>
    </datafield>
    <datafield tag="490" ind1=" " ind2=" ">
      <subfield code="a">Teoría / Siglo XXI</subfield>
      <subfield code="a">Colección edu/causa</subfield>
      <subfield code="a">Teoría / Siglo XXI</subfield>
      <subfield code="a">Taurus pensamiento</subfield>
      <subfield code="a">Ya es Historia / Corregidor</subfield>
      <subfield code="a">Colección el mirador / Continente</subfield>
      <subfield code="a">Mínima Trotta</subfield>
      <subfield code="a">Estudios sociales</subfield>
      <subfield code="a">Puñaladas. Ensayos de Punta</subfield>
      <subfield code="a">Espacios del saber</subfield>
      <subfield code="v">23</subfield>
    </datafield>
    <datafield tag="650" ind1=" " ind2=" ">
      <subfield code="a"> PSICOANALISIS</subfield>
    </datafield>
    <datafield tag="942" ind1=" " ind2=" ">
      <subfield code="c">BK</subfield>
    </datafield>
    <datafield tag="952" ind1=" " ind2=" ">
      <subfield code="a">BIB_RECT</subfield>
      <subfield code="b">BIB_UARG</subfield>
      <subfield code="d">2010-11-19</subfield>
      <subfield code="y">BK</subfield>
      <subfield code="p">05-40389</subfield>
      <subfield code="i">05-40389</subfield>
      <subfield code="g">38</subfield>
      <subfield code="o">159.964.2 D438e</subfield>
      <subfield code="e">Subsidio para estudios semi-presencial</subfield>
      <subfield code="8">CG</subfield>
    </datafield>
  </record>