
  <record>
    <leader>01000aam  22002601a 4500</leader>
    <controlfield tag="001">YPZ93682</controlfield>
    <controlfield tag="003">YPZ</controlfield>
    <controlfield tag="005">201011301744230</controlfield>
    <controlfield tag="008">101130|###########||||||b||||||||||spa|d</controlfield>
    <datafield tag="040" ind1=" " ind2=" ">
      <subfield code="c">SIUNPA</subfield>
    </datafield>
    <datafield tag="041" ind1=" " ind2=" ">
      <subfield code="a">spa</subfield>
    </datafield>
    <datafield tag="044" ind1=" " ind2=" ">
      <subfield code="a">AR</subfield>
    </datafield>
    <datafield tag="080" ind1=" " ind2=" ">
      <subfield code="a">374.7 B299b</subfield>
    </datafield>
    <datafield tag="245" ind1=" " ind2=" ">
      <subfield code="a">Bases de la campaña de reactivación educativa de adultos para la reconstrucción, CREAR</subfield>
    </datafield>
    <datafield tag="260" ind1=" " ind2=" ">
      <subfield code="a">Buenos Aires</subfield>
      <subfield code="b"> : Ministerio de Educación de la Nación</subfield>
      <subfield code="c"> , 2008</subfield>
    </datafield>
    <datafield tag="500" ind1=" " ind2=" ">
      <subfield code="a">Compilación de materiales: utilizados en la campaña de alfabetización iniciada en el año 1973</subfield>
    </datafield>
    <datafield tag="650" ind1=" " ind2=" ">
      <subfield code="a"> EDUCACION DE ADULTOS</subfield>
    </datafield>
    <datafield tag="650" ind1=" " ind2=" ">
      <subfield code="a"> ALFABETIZACION</subfield>
    </datafield>
    <datafield tag="942" ind1=" " ind2=" ">
      <subfield code="c">BK</subfield>
    </datafield>
    <datafield tag="952" ind1=" " ind2=" ">
      <subfield code="a">BIB_RECT</subfield>
      <subfield code="b">BIB_UACO</subfield>
      <subfield code="d">2010-11-30</subfield>
      <subfield code="y">BK</subfield>
      <subfield code="p">02-40421</subfield>
      <subfield code="i">02-40421</subfield>
      <subfield code="g">49</subfield>
      <subfield code="o">374.7 B299b</subfield>
      <subfield code="e">Donación Levy, Esther Débora</subfield>
      <subfield code="8">CG</subfield>
    </datafield>
  </record>