
  <record>
    <leader>01000aam  22002601a 4500</leader>
    <controlfield tag="001">YPZ93691</controlfield>
    <controlfield tag="003">YPZ</controlfield>
    <controlfield tag="005">201012011639130</controlfield>
    <controlfield tag="008">101201|###########||||||b||||||||||spa|d</controlfield>
    <datafield tag="020" ind1=" " ind2=" ">
      <subfield code="a">9502501241</subfield>
    </datafield>
    <datafield tag="040" ind1=" " ind2=" ">
      <subfield code="c">SIUNPA</subfield>
    </datafield>
    <datafield tag="041" ind1=" " ind2=" ">
      <subfield code="a">spa</subfield>
    </datafield>
    <datafield tag="044" ind1=" " ind2=" ">
      <subfield code="a">AR</subfield>
    </datafield>
    <datafield tag="080" ind1=" " ind2=" ">
      <subfield code="a">323.1 N964n</subfield>
    </datafield>
    <datafield tag="100" ind1=" " ind2=" ">
      <subfield code="a">Sondereguer, María.</subfield>
    </datafield>
    <datafield tag="700" ind1=" " ind2=" ">
      <subfield code="a">Palomino, Héctor.</subfield>
    </datafield>
    <datafield tag="700" ind1=" " ind2=" ">
      <subfield code="a">García Delgado, Daniel.</subfield>
    </datafield>
    <datafield tag="700" ind1=" " ind2=" ">
      <subfield code="a">Silva, Juan M..</subfield>
    </datafield>
    <datafield tag="700" ind1=" " ind2=" ">
      <subfield code="a">González Bombal, Inés.</subfield>
    </datafield>
    <datafield tag="700" ind1=" " ind2=" ">
      <subfield code="a">Fara, Luis.</subfield>
    </datafield>
    <datafield tag="245" ind1=" " ind2=" ">
      <subfield code="a">Los nuevos movimientos sociales</subfield>
      <subfield code="c"> / Jelín, Elizabeth, comp. ; Cortiñas, Nora, con comentario ; Abdala, Germán, con comentario ; Villar, Noberto Hugo, con comentario ; Laurreaga, Narciso Carlos, con comentario ; Brisanoff, Juan, con comentario</subfield>
    </datafield>
    <datafield tag="260" ind1=" " ind2=" ">
      <subfield code="a">Buenos Aires</subfield>
      <subfield code="b"> : Centro Editor de América Latina</subfield>
      <subfield code="c"> , 1985</subfield>
    </datafield>
    <datafield tag="440" ind1=" " ind2=" ">
      <subfield code="a">Biblioteca política argentina</subfield>
      <subfield code="v">125</subfield>
    </datafield>
    <datafield tag="490" ind1=" " ind2=" ">
      <subfield code="a">Biblioteca política argentina</subfield>
      <subfield code="v">125</subfield>
    </datafield>
    <datafield tag="500" ind1=" " ind2=" ">
      <subfield code="a">Contenido: v.2. Derechos humanos. Obreros. Barrios</subfield>
    </datafield>
    <datafield tag="500" ind1=" " ind2=" ">
      <subfield code="a">La biblioteca posee v.2</subfield>
    </datafield>
    <datafield tag="650" ind1=" " ind2=" ">
      <subfield code="a"> MOVIMIENTO SOCIAL</subfield>
    </datafield>
    <datafield tag="650" ind1=" " ind2=" ">
      <subfield code="a"> MOVIMIENTO OBRERO</subfield>
    </datafield>
    <datafield tag="942" ind1=" " ind2=" ">
      <subfield code="c">BK</subfield>
    </datafield>
    <datafield tag="952" ind1=" " ind2=" ">
      <subfield code="a">BIB_RECT</subfield>
      <subfield code="b">BIB_UACO</subfield>
      <subfield code="d">2010-12-01</subfield>
      <subfield code="y">BK</subfield>
      <subfield code="p">02-40427</subfield>
      <subfield code="i">02-40427</subfield>
      <subfield code="g">20</subfield>
      <subfield code="o">323.1 N964n</subfield>
      <subfield code="e">Donación Lic. Vera, Mónica</subfield>
      <subfield code="8">CG</subfield>
    </datafield>
    <datafield tag="952" ind1=" " ind2=" ">
      <subfield code="a">BIB_RECT</subfield>
      <subfield code="b">BIB_UARG</subfield>
      <subfield code="d">2010-12-01</subfield>
      <subfield code="y">BK</subfield>
      <subfield code="p">05-07695</subfield>
      <subfield code="i">05-07695</subfield>
      <subfield code="g">20</subfield>
      <subfield code="o">323.1 N964n</subfield>
      <subfield code="e">Acuer/012/93</subfield>
      <subfield code="8">CG</subfield>
    </datafield>
  </record>