
  <record>
    <leader>01000aam  22002601a 4500</leader>
    <controlfield tag="001">YPZ93701</controlfield>
    <controlfield tag="003">YPZ</controlfield>
    <controlfield tag="005">201012031204220</controlfield>
    <controlfield tag="008">101203|###########||||||b||||||||||spa|d</controlfield>
    <datafield tag="020" ind1=" " ind2=" ">
      <subfield code="a">9505373058</subfield>
    </datafield>
    <datafield tag="040" ind1=" " ind2=" ">
      <subfield code="c">SIUNPA</subfield>
    </datafield>
    <datafield tag="041" ind1=" " ind2=" ">
      <subfield code="a">spa</subfield>
    </datafield>
    <datafield tag="044" ind1=" " ind2=" ">
      <subfield code="a">AR</subfield>
    </datafield>
    <datafield tag="080" ind1=" " ind2=" ">
      <subfield code="a">330.101.541 M278m</subfield>
    </datafield>
    <datafield tag="100" ind1=" " ind2=" ">
      <subfield code="a">Mankiw, N. Gregory.</subfield>
    </datafield>
    <datafield tag="245" ind1=" " ind2=" ">
      <subfield code="a">Macroeconomía</subfield>
      <subfield code="c"> / Souto, Graciela S., tr. ; Fernández Cendoya, Mariana, tr.</subfield>
    </datafield>
    <datafield tag="260" ind1=" " ind2=" ">
      <subfield code="a">Buenos Aires</subfield>
      <subfield code="b"> : Macchi</subfield>
      <subfield code="c"> , 1995</subfield>
    </datafield>
    <datafield tag="650" ind1=" " ind2=" ">
      <subfield code="a"> MACROECONOMIA</subfield>
    </datafield>
    <datafield tag="942" ind1=" " ind2=" ">
      <subfield code="c">BK</subfield>
    </datafield>
    <datafield tag="952" ind1=" " ind2=" ">
      <subfield code="a">BIB_RECT</subfield>
      <subfield code="b">BIB_UACO</subfield>
      <subfield code="d">2010-12-03</subfield>
      <subfield code="y">BK</subfield>
      <subfield code="p">02-04080</subfield>
      <subfield code="i">02-04080</subfield>
      <subfield code="g">69</subfield>
      <subfield code="o">330.101.541 M278m</subfield>
      <subfield code="e">Migración UACO</subfield>
      <subfield code="8">CG</subfield>
    </datafield>
    <datafield tag="952" ind1=" " ind2=" ">
      <subfield code="a">BIB_RECT</subfield>
      <subfield code="b">BIB_UACO</subfield>
      <subfield code="d">2010-12-03</subfield>
      <subfield code="y">BK</subfield>
      <subfield code="p">02-04081</subfield>
      <subfield code="i">02-04081</subfield>
      <subfield code="g">69</subfield>
      <subfield code="o">330.101.541 M278m</subfield>
      <subfield code="e">Migración UACO</subfield>
      <subfield code="8">CG</subfield>
    </datafield>
    <datafield tag="952" ind1=" " ind2=" ">
      <subfield code="a">BIB_RECT</subfield>
      <subfield code="b">BIB_UASJ</subfield>
      <subfield code="d">2010-12-03</subfield>
      <subfield code="y">BK</subfield>
      <subfield code="p">04-00235</subfield>
      <subfield code="i">04-00235</subfield>
      <subfield code="g">69</subfield>
      <subfield code="o">330.101.541 M278m</subfield>
      <subfield code="e">Desconocida</subfield>
      <subfield code="8">CG</subfield>
    </datafield>
  </record>