
  <record>
    <leader>01000aam  22002601a 4500</leader>
    <controlfield tag="001">YPZ93743</controlfield>
    <controlfield tag="003">YPZ</controlfield>
    <controlfield tag="005">201102101534390</controlfield>
    <controlfield tag="008">110210|###########||||||b||||||||||spa|d</controlfield>
    <datafield tag="040" ind1=" " ind2=" ">
      <subfield code="c">SIUNPA</subfield>
    </datafield>
    <datafield tag="041" ind1=" " ind2=" ">
      <subfield code="a">spa</subfield>
    </datafield>
    <datafield tag="044" ind1=" " ind2=" ">
      <subfield code="a">MX</subfield>
    </datafield>
    <datafield tag="080" ind1=" " ind2=" ">
      <subfield code="a">070.13 C737c</subfield>
    </datafield>
    <datafield tag="245" ind1=" " ind2=" ">
      <subfield code="a">Compromiso con la libertad de expresión</subfield>
      <subfield code="b"> : análisis y alcances</subfield>
      <subfield code="c"> / Rodríguez Villafañe, Miguel Julio, coord. ; Villanueva, Ernesto, coord.</subfield>
    </datafield>
    <datafield tag="260" ind1=" " ind2=" ">
      <subfield code="a">México, D.F.</subfield>
      <subfield code="b"> : Fundación para la Libertad de Expresión</subfield>
      <subfield code="c"> , 2010</subfield>
    </datafield>
    <datafield tag="650" ind1=" " ind2=" ">
      <subfield code="a"> LIBERTAD DE EXPRESION</subfield>
    </datafield>
    <datafield tag="650" ind1=" " ind2=" ">
      <subfield code="a"> PRENSA</subfield>
    </datafield>
    <datafield tag="650" ind1=" " ind2=" ">
      <subfield code="a"> DERECHO A LA INFORMACION</subfield>
    </datafield>
    <datafield tag="942" ind1=" " ind2=" ">
      <subfield code="c">BK</subfield>
    </datafield>
    <datafield tag="952" ind1=" " ind2=" ">
      <subfield code="a">BIB_RECT</subfield>
      <subfield code="b">BIB_UARG</subfield>
      <subfield code="d">2011-02-08</subfield>
      <subfield code="y">BK</subfield>
      <subfield code="p">05-40462</subfield>
      <subfield code="i">05-40462</subfield>
      <subfield code="g">50</subfield>
      <subfield code="o">070.13 C737c</subfield>
      <subfield code="e">Don. Dr. Rodríguez Villafañe, Miguel Jul</subfield>
      <subfield code="8">CG</subfield>
    </datafield>
  </record>