
  <record>
    <leader>01000aam  22002601a 4500</leader>
    <controlfield tag="001">YPZ93756</controlfield>
    <controlfield tag="003">YPZ</controlfield>
    <controlfield tag="005">201102141541380</controlfield>
    <controlfield tag="008">110214|###########||||||b||||||||||spa|d</controlfield>
    <datafield tag="020" ind1=" " ind2=" ">
      <subfield code="a">9789872487317</subfield>
    </datafield>
    <datafield tag="040" ind1=" " ind2=" ">
      <subfield code="c">SIUNPA</subfield>
    </datafield>
    <datafield tag="041" ind1=" " ind2=" ">
      <subfield code="a">spa</subfield>
    </datafield>
    <datafield tag="044" ind1=" " ind2=" ">
      <subfield code="a">AR</subfield>
    </datafield>
    <datafield tag="080" ind1=" " ind2=" ">
      <subfield code="a">342.7 I619i</subfield>
    </datafield>
    <datafield tag="245" ind1=" " ind2=" ">
      <subfield code="a">La intervención estatal en la protesta social</subfield>
      <subfield code="b"> : dinámica entre el estado y organizaciones de derechos humanos en Argentina</subfield>
    </datafield>
    <datafield tag="250" ind1=" " ind2=" ">
      <subfield code="a">1a ed.</subfield>
    </datafield>
    <datafield tag="260" ind1=" " ind2=" ">
      <subfield code="a">Buenos Aires</subfield>
      <subfield code="b"> : Fundación Servicio Paz y Justicia</subfield>
      <subfield code="c"> , 2010</subfield>
    </datafield>
    <datafield tag="650" ind1=" " ind2=" ">
      <subfield code="a"> DERECHOS HUMANOS</subfield>
    </datafield>
    <datafield tag="650" ind1=" " ind2=" ">
      <subfield code="a"> TEORIA DEL ESTADO</subfield>
    </datafield>
    <datafield tag="942" ind1=" " ind2=" ">
      <subfield code="c">BK</subfield>
    </datafield>
    <datafield tag="952" ind1=" " ind2=" ">
      <subfield code="a">BIB_RECT</subfield>
      <subfield code="b">BIB_UARG</subfield>
      <subfield code="d">2011-02-08</subfield>
      <subfield code="y">BK</subfield>
      <subfield code="p">05-40458</subfield>
      <subfield code="i">05-40458</subfield>
      <subfield code="g">45</subfield>
      <subfield code="o">342.7 I619i</subfield>
      <subfield code="e">Marucco, Alberto/10</subfield>
      <subfield code="8">CG</subfield>
    </datafield>
    <datafield tag="952" ind1=" " ind2=" ">
      <subfield code="a">BIB_RECT</subfield>
      <subfield code="b">BIB_UARG</subfield>
      <subfield code="d">2011-02-08</subfield>
      <subfield code="y">BK</subfield>
      <subfield code="p">05-40459</subfield>
      <subfield code="i">05-40459</subfield>
      <subfield code="g">45</subfield>
      <subfield code="o">342.7 I619i</subfield>
      <subfield code="e">Marucco, Alberto/10</subfield>
      <subfield code="8">CG</subfield>
    </datafield>
  </record>