
  <record>
    <leader>01000aam  22002601a 4500</leader>
    <controlfield tag="001">YPZ93757</controlfield>
    <controlfield tag="003">YPZ</controlfield>
    <controlfield tag="005">201102141650120</controlfield>
    <controlfield tag="008">110214|###########||||||b||||||||||spa|d</controlfield>
    <datafield tag="020" ind1=" " ind2=" ">
      <subfield code="a">9789871371174</subfield>
    </datafield>
    <datafield tag="040" ind1=" " ind2=" ">
      <subfield code="c">SIUNPA</subfield>
    </datafield>
    <datafield tag="041" ind1=" " ind2=" ">
      <subfield code="a">spa</subfield>
    </datafield>
    <datafield tag="044" ind1=" " ind2=" ">
      <subfield code="a">AR</subfield>
    </datafield>
    <datafield tag="080" ind1=" " ind2=" ">
      <subfield code="a">308(821.2) P277p</subfield>
    </datafield>
    <datafield tag="245" ind1=" " ind2=" ">
      <subfield code="a">Pasado y presente de la Mar del Plata social</subfield>
      <subfield code="c"> / Cacopardo, Fernando, ed. ; Da Orden, María Liliana, ed. ;  Pastoriza, Elisa, ed.</subfield>
    </datafield>
    <datafield tag="260" ind1=" " ind2=" ">
      <subfield code="a">Mar del Plata</subfield>
      <subfield code="b"> : EUDEM, Editorial Universitaria de Mar del Plata</subfield>
      <subfield code="c"> , 2008</subfield>
    </datafield>
    <datafield tag="440" ind1=" " ind2=" ">
      <subfield code="a">Coloquio</subfield>
      <subfield code="v">2</subfield>
    </datafield>
    <datafield tag="490" ind1=" " ind2=" ">
      <subfield code="a">Coloquio</subfield>
      <subfield code="v">2</subfield>
    </datafield>
    <datafield tag="650" ind1=" " ind2=" ">
      <subfield code="a"> VIDA COTIDIANA  MIGRACION</subfield>
    </datafield>
    <datafield tag="650" ind1=" " ind2=" ">
      <subfield code="a"> SOCIOLOGIA CULTURAL</subfield>
    </datafield>
    <datafield tag="650" ind1=" " ind2=" ">
      <subfield code="a"> HISTORIA CULTURAL</subfield>
    </datafield>
    <datafield tag="650" ind1=" " ind2=" ">
      <subfield code="a"> MAR DEL PLATA (BUENOS AIRES)</subfield>
    </datafield>
    <datafield tag="942" ind1=" " ind2=" ">
      <subfield code="c">BK</subfield>
    </datafield>
    <datafield tag="952" ind1=" " ind2=" ">
      <subfield code="a">BIB_RECT</subfield>
      <subfield code="b">BIB_UARG</subfield>
      <subfield code="d">2011-02-14</subfield>
      <subfield code="y">BK</subfield>
      <subfield code="p">05-40450</subfield>
      <subfield code="i">05-40450</subfield>
      <subfield code="g">85</subfield>
      <subfield code="o">308(821.2) P277p</subfield>
      <subfield code="e">Donación Pierini, María de los Milagros</subfield>
      <subfield code="8">CG</subfield>
    </datafield>
    <datafield tag="952" ind1=" " ind2=" ">
      <subfield code="a">BIB_RECT</subfield>
      <subfield code="b">BIB_UARG</subfield>
      <subfield code="d">2011-02-14</subfield>
      <subfield code="y">BK</subfield>
      <subfield code="p">05-40451</subfield>
      <subfield code="i">05-40451</subfield>
      <subfield code="g">85</subfield>
      <subfield code="o">308(821.2) P277p</subfield>
      <subfield code="e">Donación Pierini, María de los Milagros</subfield>
      <subfield code="8">CG</subfield>
    </datafield>
  </record>