
  <record>
    <leader>01000aam  22002601a 4500</leader>
    <controlfield tag="001">YPZ93769</controlfield>
    <controlfield tag="003">YPZ</controlfield>
    <controlfield tag="005">201102161427000</controlfield>
    <controlfield tag="008">110216|###########||||||b||||||||||spa|d</controlfield>
    <datafield tag="020" ind1=" " ind2=" ">
      <subfield code="a">9501260070</subfield>
    </datafield>
    <datafield tag="040" ind1=" " ind2=" ">
      <subfield code="c">SIUNPA</subfield>
    </datafield>
    <datafield tag="041" ind1=" " ind2=" ">
      <subfield code="a">spa</subfield>
    </datafield>
    <datafield tag="044" ind1=" " ind2=" ">
      <subfield code="a">AR</subfield>
    </datafield>
    <datafield tag="080" ind1=" " ind2=" ">
      <subfield code="a">159.9.072 B458t</subfield>
    </datafield>
    <datafield tag="100" ind1=" " ind2=" ">
      <subfield code="a">Bender, Lauretta.</subfield>
    </datafield>
    <datafield tag="245" ind1=" " ind2=" ">
      <subfield code="a">Test guestáltico visomotor</subfield>
      <subfield code="b"> : usos y aplicaciones clínicas (B. G.)</subfield>
      <subfield code="c"> / Bernstein, Jaime, introd., y ap. ; Carnelli, Delia, tr.</subfield>
    </datafield>
    <datafield tag="260" ind1=" " ind2=" ">
      <subfield code="a">Buenos Aires</subfield>
      <subfield code="b"> : Paidós</subfield>
      <subfield code="c"> , 2000</subfield>
    </datafield>
    <datafield tag="300" ind1=" " ind2=" ">
      <subfield code="a">543 p., 1 h. pleg. : </subfield>
      <subfield code="b">il. ; </subfield>
      <subfield code="a">141 p. : </subfield>
      <subfield code="b">il. ; </subfield>
      <subfield code="a">380 p. : </subfield>
      <subfield code="b">il. ; </subfield>
      <subfield code="a">167 p. : </subfield>
      <subfield code="b">il. ; </subfield>
      <subfield code="a">1 conjunto en sobre : </subfield>
      <subfield code="b">il. ; </subfield>
      <subfield code="e">Contiene: Manual (260 p.) - Juego de 9 tarjetas - Protocolo de registro y evaluación - Guía para la aplicación del B.G.</subfield>
    </datafield>
    <datafield tag="440" ind1=" " ind2=" ">
      <subfield code="a">Evaluación Psicológica</subfield>
      <subfield code="v">10</subfield>
    </datafield>
    <datafield tag="490" ind1=" " ind2=" ">
      <subfield code="a">Evaluación Psicológica</subfield>
      <subfield code="v">10</subfield>
    </datafield>
    <datafield tag="650" ind1=" " ind2=" ">
      <subfield code="a"> PSICOLOGIA INFANTIL</subfield>
    </datafield>
    <datafield tag="650" ind1=" " ind2=" ">
      <subfield code="a"> DESARROLLO DEL NIÑO</subfield>
    </datafield>
    <datafield tag="650" ind1=" " ind2=" ">
      <subfield code="a"> TESTS DE PERSONALIDAD</subfield>
    </datafield>
    <datafield tag="650" ind1=" " ind2=" ">
      <subfield code="a"> PSICODIAGNOSTICO</subfield>
    </datafield>
    <datafield tag="942" ind1=" " ind2=" ">
      <subfield code="c">BK</subfield>
    </datafield>
    <datafield tag="952" ind1=" " ind2=" ">
      <subfield code="a">BIB_RECT</subfield>
      <subfield code="b">BIB_UARG</subfield>
      <subfield code="d">2011-02-15</subfield>
      <subfield code="y">BK</subfield>
      <subfield code="p">05-40471</subfield>
      <subfield code="i">05-40471</subfield>
      <subfield code="g">40</subfield>
      <subfield code="o">159.9.072 B458t</subfield>
      <subfield code="e">APEP/10</subfield>
      <subfield code="8">CG</subfield>
    </datafield>
  </record>