
  <record>
    <leader>01000aam  22002601a 4500</leader>
    <controlfield tag="001">YPZ93785</controlfield>
    <controlfield tag="003">YPZ</controlfield>
    <controlfield tag="005">201102181515510</controlfield>
    <controlfield tag="008">110218|###########||||||b||||||||||spa|d</controlfield>
    <datafield tag="040" ind1=" " ind2=" ">
      <subfield code="c">SIUNPA</subfield>
    </datafield>
    <datafield tag="041" ind1=" " ind2=" ">
      <subfield code="a">spa</subfield>
    </datafield>
    <datafield tag="044" ind1=" " ind2=" ">
      <subfield code="a">AR</subfield>
    </datafield>
    <datafield tag="080" ind1=" " ind2=" ">
      <subfield code="a">330.341.424 D451d</subfield>
    </datafield>
    <datafield tag="100" ind1=" " ind2=" ">
      <subfield code="a">Kosacoff, Bernardo.</subfield>
    </datafield>
    <datafield tag="700" ind1=" " ind2=" ">
      <subfield code="a">Yoguel, Gabriel.</subfield>
    </datafield>
    <datafield tag="700" ind1=" " ind2=" ">
      <subfield code="a">Bonvecchi, Carlos.</subfield>
    </datafield>
    <datafield tag="700" ind1=" " ind2=" ">
      <subfield code="a">Ramos, Adrián.</subfield>
    </datafield>
    <datafield tag="245" ind1=" " ind2=" ">
      <subfield code="a">El desempeño industrial argentino más allá de la sustitución de importaciones</subfield>
      <subfield code="c"> / Kosacoff, Bernardo, ed. ; Beccaria, Luis, colab. ; Bouzas, Roberto, colab. ; Gatto, Francisco, colab. ; Gómez, Georgina, colab. ; Gutman, Graciela, colab. ; Heymann, Daniel, colab. ; Lugones, Gustavo, colab. ; Porta, Fernando, colab. ; Rabetino, Rodrigo, colab. ; Wierny, Marisa, colab.</subfield>
    </datafield>
    <datafield tag="260" ind1=" " ind2=" ">
      <subfield code="a">Buenos Aires</subfield>
      <subfield code="b"> : Naciones Unidas</subfield>
      <subfield code="b"> : CEPAL</subfield>
      <subfield code="c"> , 2000</subfield>
    </datafield>
    <datafield tag="500" ind1=" " ind2=" ">
      <subfield code="a">En portada: este libro es el resultado de la investigación sobre el caso argentino realizado en el marco del Programa de Estudio sobre la Industria de América Latina ante la Globalización Económica, en su fase III, del Departamento Nacional de Planeación de Colombia coordinado por Luis Jorge Garay</subfield>
    </datafield>
    <datafield tag="650" ind1=" " ind2=" ">
      <subfield code="a"> INDUSTRIALIZACION</subfield>
    </datafield>
    <datafield tag="650" ind1=" " ind2=" ">
      <subfield code="a"> COMERCIO EXTERIOR</subfield>
    </datafield>
    <datafield tag="650" ind1=" " ind2=" ">
      <subfield code="a"> EMPRESA MULTINACIONALES</subfield>
    </datafield>
    <datafield tag="650" ind1=" " ind2=" ">
      <subfield code="a"> POLITICA ECONOMICA</subfield>
    </datafield>
    <datafield tag="650" ind1=" " ind2=" ">
      <subfield code="a"> ARGENTINA</subfield>
    </datafield>
    <datafield tag="942" ind1=" " ind2=" ">
      <subfield code="c">BK</subfield>
    </datafield>
    <datafield tag="952" ind1=" " ind2=" ">
      <subfield code="a">BIB_RECT</subfield>
      <subfield code="b">BIB_UACO</subfield>
      <subfield code="d">2011-02-17</subfield>
      <subfield code="y">BK</subfield>
      <subfield code="p">02-40507</subfield>
      <subfield code="i">02-40507</subfield>
      <subfield code="g">70</subfield>
      <subfield code="o">330.341.424 D451d</subfield>
      <subfield code="e">Donación Rectorado</subfield>
      <subfield code="8">CG</subfield>
    </datafield>
  </record>