
  <record>
    <leader>01000aam  22002601a 4500</leader>
    <controlfield tag="001">YPZ93792</controlfield>
    <controlfield tag="003">YPZ</controlfield>
    <controlfield tag="005">201102211838340</controlfield>
    <controlfield tag="008">110221|###########||||||b||||||||||spa|d</controlfield>
    <datafield tag="020" ind1=" " ind2=" ">
      <subfield code="a">9789872571412</subfield>
    </datafield>
    <datafield tag="040" ind1=" " ind2=" ">
      <subfield code="c">SIUNPA</subfield>
    </datafield>
    <datafield tag="041" ind1=" " ind2=" ">
      <subfield code="a">spa</subfield>
    </datafield>
    <datafield tag="044" ind1=" " ind2=" ">
      <subfield code="a">AR</subfield>
    </datafield>
    <datafield tag="080" ind1=" " ind2=" ">
      <subfield code="a">82.09 E612e</subfield>
    </datafield>
    <datafield tag="245" ind1=" " ind2=" ">
      <subfield code="a">Entre la memoria propia y la ajena</subfield>
      <subfield code="b"> : tendencias y debates en la narrativa española actual</subfield>
      <subfield code="c"> / Macciuci, Raquel, dir. ; Pochat, María Teresa, dir. ; Ennis, Juan Antonio, coord.</subfield>
    </datafield>
    <datafield tag="250" ind1=" " ind2=" ">
      <subfield code="a">1a ed.</subfield>
    </datafield>
    <datafield tag="260" ind1=" " ind2=" ">
      <subfield code="a">La Plata</subfield>
      <subfield code="b"> : Del Lado de Acá</subfield>
      <subfield code="c"> , 2010</subfield>
    </datafield>
    <datafield tag="650" ind1=" " ind2=" ">
      <subfield code="a"> CRITICA LITERARIA</subfield>
    </datafield>
    <datafield tag="650" ind1=" " ind2=" ">
      <subfield code="a"> TEORIA LITERARIA</subfield>
    </datafield>
    <datafield tag="942" ind1=" " ind2=" ">
      <subfield code="c">BK</subfield>
    </datafield>
    <datafield tag="952" ind1=" " ind2=" ">
      <subfield code="a">BIB_RECT</subfield>
      <subfield code="b">BIB_UARG</subfield>
      <subfield code="d">2011-02-18</subfield>
      <subfield code="y">BK</subfield>
      <subfield code="p">05-40509</subfield>
      <subfield code="i">05-40509</subfield>
      <subfield code="g">71</subfield>
      <subfield code="o">82.09 E612e</subfield>
      <subfield code="e">Acuerdo Nº 788/10</subfield>
      <subfield code="8">CG</subfield>
    </datafield>
    <datafield tag="952" ind1=" " ind2=" ">
      <subfield code="a">BIB_RECT</subfield>
      <subfield code="b">BIB_UARG</subfield>
      <subfield code="d">2011-02-18</subfield>
      <subfield code="y">BK</subfield>
      <subfield code="p">05-40510</subfield>
      <subfield code="i">05-40510</subfield>
      <subfield code="g">71</subfield>
      <subfield code="o">82.09 E612e</subfield>
      <subfield code="e">Acuerdo Nº 788/10</subfield>
      <subfield code="8">CG</subfield>
    </datafield>
  </record>