
  <record>
    <leader>01000aam  22002601a 4500</leader>
    <controlfield tag="001">YPZ93816</controlfield>
    <controlfield tag="003">YPZ</controlfield>
    <controlfield tag="005">201103021817300</controlfield>
    <controlfield tag="008">110302|###########||||||b||||||||||spa|d</controlfield>
    <datafield tag="020" ind1=" " ind2=" ">
      <subfield code="a">0817351027</subfield>
    </datafield>
    <datafield tag="040" ind1=" " ind2=" ">
      <subfield code="c">SIUNPA</subfield>
    </datafield>
    <datafield tag="041" ind1=" " ind2=" ">
      <subfield code="a">eng</subfield>
    </datafield>
    <datafield tag="044" ind1=" " ind2=" ">
      <subfield code="a">US</subfield>
    </datafield>
    <datafield tag="080" ind1=" " ind2=" ">
      <subfield code="a">339.9 M644m</subfield>
    </datafield>
    <datafield tag="245" ind1=" " ind2=" ">
      <subfield code="a">Militarists, merchants, and missionaries</subfield>
      <subfield code="b"> : United States expansion in Middle America</subfield>
      <subfield code="c"> / Huck, Eugene R., ed. ; Moseley, Edward H., ed.</subfield>
    </datafield>
    <datafield tag="260" ind1=" " ind2=" ">
      <subfield code="a">Alabama, Ala.</subfield>
      <subfield code="b"> : University of Alabama Press</subfield>
      <subfield code="c"> , 1970</subfield>
    </datafield>
    <datafield tag="500" ind1=" " ind2=" ">
      <subfield code="a">En portada: Essays written in honor of Alfred Barnaby Thomas</subfield>
    </datafield>
    <datafield tag="650" ind1=" " ind2=" ">
      <subfield code="a"> RELACIONES INTERNACIONALES</subfield>
    </datafield>
    <datafield tag="650" ind1=" " ind2=" ">
      <subfield code="a"> AMERICA LATINA</subfield>
    </datafield>
    <datafield tag="650" ind1=" " ind2=" ">
      <subfield code="a"> ESTADOS UNIDOS</subfield>
    </datafield>
    <datafield tag="942" ind1=" " ind2=" ">
      <subfield code="c">BK</subfield>
    </datafield>
    <datafield tag="952" ind1=" " ind2=" ">
      <subfield code="a">BIB_RECT</subfield>
      <subfield code="b">BIB_UASJ</subfield>
      <subfield code="d">2011-03-02</subfield>
      <subfield code="y">BK</subfield>
      <subfield code="p">04-40531</subfield>
      <subfield code="i">04-40531</subfield>
      <subfield code="g">35</subfield>
      <subfield code="o">339.9 M644m</subfield>
      <subfield code="e">Donación México</subfield>
      <subfield code="8">CG</subfield>
    </datafield>
  </record>