
  <record>
    <leader>01000aam  22002601a 4500</leader>
    <controlfield tag="001">YPZ93822</controlfield>
    <controlfield tag="003">YPZ</controlfield>
    <controlfield tag="005">201103041626060</controlfield>
    <controlfield tag="008">110304|###########||||||b||||||||||spa|d</controlfield>
    <datafield tag="020" ind1=" " ind2=" ">
      <subfield code="a">9789871242504</subfield>
    </datafield>
    <datafield tag="040" ind1=" " ind2=" ">
      <subfield code="c">SIUNPA</subfield>
    </datafield>
    <datafield tag="041" ind1=" " ind2=" ">
      <subfield code="a">spa</subfield>
    </datafield>
    <datafield tag="044" ind1=" " ind2=" ">
      <subfield code="a">AR</subfield>
    </datafield>
    <datafield tag="080" ind1=" " ind2=" ">
      <subfield code="a">622 J828m</subfield>
    </datafield>
    <datafield tag="110" ind1=" " ind2=" ">
      <subfield code="a">Jornadas de Minería, Energía y Desarrollo (1 : 2010 : Río Turbio).</subfield>
    </datafield>
    <datafield tag="245" ind1=" " ind2=" ">
      <subfield code="a">Actas de las primeras jornadas de minería, energía y desarrollo</subfield>
    </datafield>
    <datafield tag="260" ind1=" " ind2=" ">
      <subfield code="a">Río Gallegos</subfield>
      <subfield code="b"> : UNPA</subfield>
      <subfield code="c"> , 2010</subfield>
    </datafield>
    <datafield tag="650" ind1=" " ind2=" ">
      <subfield code="a"> MINERIA</subfield>
    </datafield>
    <datafield tag="650" ind1=" " ind2=" ">
      <subfield code="a"> DESARROLLO SUSTENTABLE</subfield>
    </datafield>
    <datafield tag="650" ind1=" " ind2=" ">
      <subfield code="a"> ENERGIA EOLICA</subfield>
    </datafield>
    <datafield tag="650" ind1=" " ind2=" ">
      <subfield code="a"> PETROLEO </subfield>
    </datafield>
    <datafield tag="650" ind1=" " ind2=" ">
      <subfield code="a"> GAS NATURAL </subfield>
    </datafield>
    <datafield tag="650" ind1=" " ind2=" ">
      <subfield code="a"> RECURSOS NATURALES</subfield>
    </datafield>
    <datafield tag="942" ind1=" " ind2=" ">
      <subfield code="c">BK</subfield>
    </datafield>
    <datafield tag="952" ind1=" " ind2=" ">
      <subfield code="a">BIB_RECT</subfield>
      <subfield code="b">BIB_UACO</subfield>
      <subfield code="d">2011-10-05</subfield>
      <subfield code="y">BK</subfield>
      <subfield code="p">02-41605</subfield>
      <subfield code="i">02-41605</subfield>
      <subfield code="g">68</subfield>
      <subfield code="o">622 J828m</subfield>
      <subfield code="e">Dpto. Energía renovable</subfield>
      <subfield code="8">CG</subfield>
    </datafield>
    <datafield tag="952" ind1=" " ind2=" ">
      <subfield code="a">BIB_RECT</subfield>
      <subfield code="b">BIB_UACO</subfield>
      <subfield code="d">2011-10-05</subfield>
      <subfield code="y">BK</subfield>
      <subfield code="p">02-41606</subfield>
      <subfield code="i">02-41606</subfield>
      <subfield code="g">68</subfield>
      <subfield code="o">622 J828m</subfield>
      <subfield code="e">Depto. Energía renovable</subfield>
      <subfield code="8">CG</subfield>
    </datafield>
    <datafield tag="952" ind1=" " ind2=" ">
      <subfield code="a">BIB_RECT</subfield>
      <subfield code="b">BIB_UASJ</subfield>
      <subfield code="d">2011-02-24</subfield>
      <subfield code="y">BK</subfield>
      <subfield code="p">04-40548</subfield>
      <subfield code="i">04-40548</subfield>
      <subfield code="g">68</subfield>
      <subfield code="o">622 J828m</subfield>
      <subfield code="e">Donación Prof. Pereyra Ginestar, Blanca</subfield>
      <subfield code="8">CG</subfield>
    </datafield>
    <datafield tag="952" ind1=" " ind2=" ">
      <subfield code="a">BIB_RECT</subfield>
      <subfield code="b">BIB_UASJ</subfield>
      <subfield code="d">2011-02-24</subfield>
      <subfield code="y">BK</subfield>
      <subfield code="p">04-40549</subfield>
      <subfield code="i">04-40549</subfield>
      <subfield code="g">68</subfield>
      <subfield code="o">622 J828m</subfield>
      <subfield code="e">Donación Prof. Pereyra Ginestar, Blanca</subfield>
      <subfield code="8">CG</subfield>
    </datafield>
    <datafield tag="952" ind1=" " ind2=" ">
      <subfield code="a">BIB_RECT</subfield>
      <subfield code="b">BIB_UARG</subfield>
      <subfield code="d">2011-03-14</subfield>
      <subfield code="y">BK</subfield>
      <subfield code="p">05-40599</subfield>
      <subfield code="i">05-40599</subfield>
      <subfield code="g">30</subfield>
      <subfield code="o">622 J828m</subfield>
      <subfield code="e">Sec. Extensión Universitaria/10</subfield>
      <subfield code="8">CG</subfield>
    </datafield>
  </record>