
  <record>
    <leader>01000aam  22002601a 4500</leader>
    <controlfield tag="001">YPZ93828</controlfield>
    <controlfield tag="003">YPZ</controlfield>
    <controlfield tag="005">201103091738090</controlfield>
    <controlfield tag="008">110309|###########||||||b||||||||||spa|d</controlfield>
    <datafield tag="020" ind1=" " ind2=" ">
      <subfield code="a">9789875632684</subfield>
    </datafield>
    <datafield tag="040" ind1=" " ind2=" ">
      <subfield code="c">SIUNPA</subfield>
    </datafield>
    <datafield tag="041" ind1=" " ind2=" ">
      <subfield code="a">spa</subfield>
      <subfield code="a">ita</subfield>
    </datafield>
    <datafield tag="044" ind1=" " ind2=" ">
      <subfield code="a">AR</subfield>
    </datafield>
    <datafield tag="080" ind1=" " ind2=" ">
      <subfield code="a">821.131.1 S933s</subfield>
    </datafield>
    <datafield tag="245" ind1=" " ind2=" ">
      <subfield code="a">Studi italiani</subfield>
    </datafield>
    <datafield tag="246" ind1=" " ind2=" ">
      <subfield code="a">Estudios italianos.</subfield>
    </datafield>
    <datafield tag="260" ind1=" " ind2=" ">
      <subfield code="a">Córdoba</subfield>
      <subfield code="b"> : Copista</subfield>
      <subfield code="b"> : Centro de Italianística de la Facultad de Lenguas de la Universidad Nacional de Córdoba</subfield>
      <subfield code="c"> , 2008</subfield>
    </datafield>
    <datafield tag="440" ind1=" " ind2=" ">
      <subfield code="a">Antropologias</subfield>
      <subfield code="a">Problemas de hoy</subfield>
      <subfield code="a">Markham political science series</subfield>
      <subfield code="a">Bibliotheca scriptorvm graecorvm et romanorvm mexicana</subfield>
      <subfield code="a">Colección griegos y latinos</subfield>
      <subfield code="a">Revista de Italianística de la Facultad de Lenguas de la Universidad Nacional de Córdoba</subfield>
      <subfield code="v">v. 3</subfield>
    </datafield>
    <datafield tag="490" ind1=" " ind2=" ">
      <subfield code="a">Antropologias</subfield>
      <subfield code="a">Problemas de hoy</subfield>
      <subfield code="a">Markham political science series</subfield>
      <subfield code="a">Bibliotheca scriptorvm graecorvm et romanorvm mexicana</subfield>
      <subfield code="a">Colección griegos y latinos</subfield>
      <subfield code="a">Revista de Italianística de la Facultad de Lenguas de la Universidad Nacional de Córdoba</subfield>
      <subfield code="v">v. 3</subfield>
    </datafield>
    <datafield tag="650" ind1=" " ind2=" ">
      <subfield code="a"> LENGUA ITALIANA  CINE ITALIANO</subfield>
    </datafield>
    <datafield tag="650" ind1=" " ind2=" ">
      <subfield code="a"> LITERATURA ITALIANA</subfield>
    </datafield>
    <datafield tag="650" ind1=" " ind2=" ">
      <subfield code="a"> HISTORIA DE ITALIA</subfield>
    </datafield>
    <datafield tag="942" ind1=" " ind2=" ">
      <subfield code="c">BK</subfield>
    </datafield>
    <datafield tag="952" ind1=" " ind2=" ">
      <subfield code="a">BIB_RECT</subfield>
      <subfield code="b">BIB_UARG</subfield>
      <subfield code="d">2011-03-09</subfield>
      <subfield code="y">BK</subfield>
      <subfield code="p">05-39903</subfield>
      <subfield code="i">05-39903</subfield>
      <subfield code="g">60</subfield>
      <subfield code="o">821.131.1 S933s</subfield>
      <subfield code="e">Facultad de Lengua, UNC</subfield>
      <subfield code="8">CG</subfield>
    </datafield>
  </record>