
  <record>
    <leader>01000aam  22002601a 4500</leader>
    <controlfield tag="001">YPZ93833</controlfield>
    <controlfield tag="003">YPZ</controlfield>
    <controlfield tag="005">201103101543080</controlfield>
    <controlfield tag="008">110310|###########||||||b||||||||||spa|d</controlfield>
    <datafield tag="040" ind1=" " ind2=" ">
      <subfield code="c">SIUNPA</subfield>
    </datafield>
    <datafield tag="041" ind1=" " ind2=" ">
      <subfield code="a">spa</subfield>
    </datafield>
    <datafield tag="044" ind1=" " ind2=" ">
      <subfield code="a">IL</subfield>
    </datafield>
    <datafield tag="080" ind1=" " ind2=" ">
      <subfield code="a">902(569.4) G396l</subfield>
    </datafield>
    <datafield tag="100" ind1=" " ind2=" ">
      <subfield code="a">Geva, Hillel.</subfield>
    </datafield>
    <datafield tag="245" ind1=" " ind2=" ">
      <subfield code="a">Lugares arqueológicos en Israel</subfield>
    </datafield>
    <datafield tag="260" ind1=" " ind2=" ">
      <subfield code="a">Jerusalem</subfield>
      <subfield code="b"> : Centro De Información de Israel</subfield>
      <subfield code="c"> , 1998-2000</subfield>
    </datafield>
    <datafield tag="500" ind1=" " ind2=" ">
      <subfield code="a">La biblioteca posee nos. 2-5</subfield>
    </datafield>
    <datafield tag="650" ind1=" " ind2=" ">
      <subfield code="a"> ARQUEOLOGIA</subfield>
    </datafield>
    <datafield tag="650" ind1=" " ind2=" ">
      <subfield code="a"> HISTORIA CULTURAL</subfield>
    </datafield>
    <datafield tag="650" ind1=" " ind2=" ">
      <subfield code="a"> HISTORIA DE ISRAEL</subfield>
    </datafield>
    <datafield tag="650" ind1=" " ind2=" ">
      <subfield code="a"> ISRAEL</subfield>
    </datafield>
    <datafield tag="942" ind1=" " ind2=" ">
      <subfield code="c">BK</subfield>
    </datafield>
    <datafield tag="952" ind1=" " ind2=" ">
      <subfield code="a">BIB_RECT</subfield>
      <subfield code="b">BIB_UASJ</subfield>
      <subfield code="d">2011-03-10</subfield>
      <subfield code="y">BK</subfield>
      <subfield code="p">04-39896</subfield>
      <subfield code="i">04-39896</subfield>
      <subfield code="g">26</subfield>
      <subfield code="o">902(569.4) G396l</subfield>
      <subfield code="e">Donación México</subfield>
      <subfield code="8">CG</subfield>
    </datafield>
    <datafield tag="952" ind1=" " ind2=" ">
      <subfield code="a">BIB_RECT</subfield>
      <subfield code="b">BIB_UASJ</subfield>
      <subfield code="d">2011-03-10</subfield>
      <subfield code="y">BK</subfield>
      <subfield code="p">04-39897</subfield>
      <subfield code="i">04-39897</subfield>
      <subfield code="g">26</subfield>
      <subfield code="o">902(569.4) G396l</subfield>
      <subfield code="e">Donación México</subfield>
      <subfield code="8">CG</subfield>
    </datafield>
    <datafield tag="952" ind1=" " ind2=" ">
      <subfield code="a">BIB_RECT</subfield>
      <subfield code="b">BIB_UASJ</subfield>
      <subfield code="d">2011-03-10</subfield>
      <subfield code="y">BK</subfield>
      <subfield code="p">04-39898</subfield>
      <subfield code="i">04-39898</subfield>
      <subfield code="g">26</subfield>
      <subfield code="o">902(569.4) G396l</subfield>
      <subfield code="e">Donación México</subfield>
      <subfield code="8">CG</subfield>
    </datafield>
    <datafield tag="952" ind1=" " ind2=" ">
      <subfield code="a">BIB_RECT</subfield>
      <subfield code="b">BIB_UASJ</subfield>
      <subfield code="d">2011-03-10</subfield>
      <subfield code="y">BK</subfield>
      <subfield code="p">04-39899</subfield>
      <subfield code="i">04-39899</subfield>
      <subfield code="g">26</subfield>
      <subfield code="o">902(569.4) G396l</subfield>
      <subfield code="e">Donación México</subfield>
      <subfield code="8">CG</subfield>
    </datafield>
    <datafield tag="952" ind1=" " ind2=" ">
      <subfield code="a">BIB_RECT</subfield>
      <subfield code="b">BIB_UASJ</subfield>
      <subfield code="d">2011-03-10</subfield>
      <subfield code="y">BK</subfield>
      <subfield code="p">04-39900</subfield>
      <subfield code="i">04-39900</subfield>
      <subfield code="g">26</subfield>
      <subfield code="o">902(569.4) G396l</subfield>
      <subfield code="e">Donación México</subfield>
      <subfield code="8">CG</subfield>
    </datafield>
    <datafield tag="952" ind1=" " ind2=" ">
      <subfield code="a">BIB_RECT</subfield>
      <subfield code="b">BIB_UASJ</subfield>
      <subfield code="d">2011-03-10</subfield>
      <subfield code="y">BK</subfield>
      <subfield code="p">04-39901</subfield>
      <subfield code="i">04-39901</subfield>
      <subfield code="g">26</subfield>
      <subfield code="o">902(569.4) G396l</subfield>
      <subfield code="e">Donación México</subfield>
      <subfield code="8">CG</subfield>
    </datafield>
  </record>