
  <record>
    <leader>01000aam  22002601a 4500</leader>
    <controlfield tag="001">YPZ93846</controlfield>
    <controlfield tag="003">YPZ</controlfield>
    <controlfield tag="005">201103151515130</controlfield>
    <controlfield tag="008">110315|###########||||||b||||||||||spa|d</controlfield>
    <datafield tag="020" ind1=" " ind2=" ">
      <subfield code="a">9789870240952</subfield>
    </datafield>
    <datafield tag="040" ind1=" " ind2=" ">
      <subfield code="c">SIUNPA</subfield>
    </datafield>
    <datafield tag="041" ind1=" " ind2=" ">
      <subfield code="a">spa</subfield>
    </datafield>
    <datafield tag="044" ind1=" " ind2=" ">
      <subfield code="a">AR</subfield>
    </datafield>
    <datafield tag="080" ind1=" " ind2=" ">
      <subfield code="a">372.46 P437d</subfield>
    </datafield>
    <datafield tag="100" ind1=" " ind2=" ">
      <subfield code="a">Pereyra, Alicia Esther.</subfield>
    </datafield>
    <datafield tag="245" ind1=" " ind2=" ">
      <subfield code="a">Desentramar la maravilla</subfield>
      <subfield code="b"> : prácticas de lectura y escritura ficcional</subfield>
    </datafield>
    <datafield tag="260" ind1=" " ind2=" ">
      <subfield code="a">Buenos Aires</subfield>
      <subfield code="b"> : Dunken</subfield>
      <subfield code="c"> , 2009</subfield>
    </datafield>
    <datafield tag="650" ind1=" " ind2=" ">
      <subfield code="a"> ENSEÑANZA DE LA ESCRITURA</subfield>
    </datafield>
    <datafield tag="650" ind1=" " ind2=" ">
      <subfield code="a"> APRENDIZAJE </subfield>
    </datafield>
    <datafield tag="650" ind1=" " ind2=" ">
      <subfield code="a"> ENSEÑANZA DE LA LITERATURA</subfield>
    </datafield>
    <datafield tag="650" ind1=" " ind2=" ">
      <subfield code="a"> ESCRITURA DE CREACION</subfield>
    </datafield>
    <datafield tag="650" ind1=" " ind2=" ">
      <subfield code="a"> METODOS DE ENSEÑANZA</subfield>
    </datafield>
    <datafield tag="942" ind1=" " ind2=" ">
      <subfield code="c">BK</subfield>
    </datafield>
    <datafield tag="952" ind1=" " ind2=" ">
      <subfield code="a">BIB_RECT</subfield>
      <subfield code="b">BIB_UACO</subfield>
      <subfield code="d">2011-06-23</subfield>
      <subfield code="y">BK</subfield>
      <subfield code="p">02-41128</subfield>
      <subfield code="i">02-41128</subfield>
      <subfield code="g">32</subfield>
      <subfield code="o">372.46 P437d</subfield>
      <subfield code="e">Donación</subfield>
      <subfield code="8">CG</subfield>
    </datafield>
    <datafield tag="952" ind1=" " ind2=" ">
      <subfield code="a">BIB_RECT</subfield>
      <subfield code="b">BIB_UACO</subfield>
      <subfield code="d">2011-06-23</subfield>
      <subfield code="y">BK</subfield>
      <subfield code="p">02-41129</subfield>
      <subfield code="i">02-41129</subfield>
      <subfield code="g">32</subfield>
      <subfield code="o">372.46 P437d</subfield>
      <subfield code="e">Donación</subfield>
      <subfield code="8">CG</subfield>
    </datafield>
    <datafield tag="952" ind1=" " ind2=" ">
      <subfield code="a">BIB_RECT</subfield>
      <subfield code="b">BIB_UACO</subfield>
      <subfield code="d">2011-06-23</subfield>
      <subfield code="y">BK</subfield>
      <subfield code="p">02-41130</subfield>
      <subfield code="i">02-41130</subfield>
      <subfield code="g">32</subfield>
      <subfield code="o">372.46 P437d</subfield>
      <subfield code="e">Donación</subfield>
      <subfield code="8">CG</subfield>
    </datafield>
    <datafield tag="952" ind1=" " ind2=" ">
      <subfield code="a">BIB_RECT</subfield>
      <subfield code="b">BIB_UART</subfield>
      <subfield code="d">2011-03-11</subfield>
      <subfield code="y">BK</subfield>
      <subfield code="p">03-40576</subfield>
      <subfield code="i">03-40576</subfield>
      <subfield code="g">32</subfield>
      <subfield code="o">372.46 P437d</subfield>
      <subfield code="e">Donación</subfield>
      <subfield code="8">CG</subfield>
    </datafield>
    <datafield tag="952" ind1=" " ind2=" ">
      <subfield code="a">BIB_RECT</subfield>
      <subfield code="b">BIB_UART</subfield>
      <subfield code="d">2011-03-11</subfield>
      <subfield code="y">BK</subfield>
      <subfield code="p">03-40577</subfield>
      <subfield code="i">03-40577</subfield>
      <subfield code="g">32</subfield>
      <subfield code="o">372.46 P437d</subfield>
      <subfield code="e">Donación</subfield>
      <subfield code="8">CG</subfield>
    </datafield>
    <datafield tag="952" ind1=" " ind2=" ">
      <subfield code="a">BIB_RECT</subfield>
      <subfield code="b">BIB_UART</subfield>
      <subfield code="d">2011-03-11</subfield>
      <subfield code="y">BK</subfield>
      <subfield code="p">03-40578</subfield>
      <subfield code="i">03-40578</subfield>
      <subfield code="g">32</subfield>
      <subfield code="o">372.46 P437d</subfield>
      <subfield code="e">Donación</subfield>
      <subfield code="8">CG</subfield>
    </datafield>
    <datafield tag="952" ind1=" " ind2=" ">
      <subfield code="a">BIB_RECT</subfield>
      <subfield code="b">BIB_UASJ</subfield>
      <subfield code="d">2011-03-11</subfield>
      <subfield code="y">BK</subfield>
      <subfield code="p">04-40579</subfield>
      <subfield code="i">04-40579</subfield>
      <subfield code="g">32</subfield>
      <subfield code="o">372.46 P437d</subfield>
      <subfield code="e">Donación</subfield>
      <subfield code="8">CG</subfield>
    </datafield>
    <datafield tag="952" ind1=" " ind2=" ">
      <subfield code="a">BIB_RECT</subfield>
      <subfield code="b">BIB_UASJ</subfield>
      <subfield code="d">2011-03-11</subfield>
      <subfield code="y">BK</subfield>
      <subfield code="p">04-40580</subfield>
      <subfield code="i">04-40580</subfield>
      <subfield code="g">32</subfield>
      <subfield code="o">372.46 P437d</subfield>
      <subfield code="e">Donación</subfield>
      <subfield code="8">CG</subfield>
    </datafield>
    <datafield tag="952" ind1=" " ind2=" ">
      <subfield code="a">BIB_RECT</subfield>
      <subfield code="b">BIB_UASJ</subfield>
      <subfield code="d">2011-03-11</subfield>
      <subfield code="y">BK</subfield>
      <subfield code="p">04-40581</subfield>
      <subfield code="i">04-40581</subfield>
      <subfield code="g">32</subfield>
      <subfield code="o">372.46 P437d</subfield>
      <subfield code="e">Donación</subfield>
      <subfield code="8">CG</subfield>
    </datafield>
    <datafield tag="952" ind1=" " ind2=" ">
      <subfield code="a">BIB_RECT</subfield>
      <subfield code="b">BIB_UARG</subfield>
      <subfield code="d">2011-03-11</subfield>
      <subfield code="y">BK</subfield>
      <subfield code="p">05-40582</subfield>
      <subfield code="i">05-40582</subfield>
      <subfield code="g">32</subfield>
      <subfield code="o">372.46 P437d</subfield>
      <subfield code="e">Donación</subfield>
      <subfield code="8">CG</subfield>
    </datafield>
    <datafield tag="952" ind1=" " ind2=" ">
      <subfield code="a">BIB_RECT</subfield>
      <subfield code="b">BIB_UARG</subfield>
      <subfield code="d">2011-03-11</subfield>
      <subfield code="y">BK</subfield>
      <subfield code="p">05-40583</subfield>
      <subfield code="i">05-40583</subfield>
      <subfield code="g">32</subfield>
      <subfield code="o">372.46 P437d</subfield>
      <subfield code="e">Donación</subfield>
      <subfield code="8">CG</subfield>
    </datafield>
    <datafield tag="952" ind1=" " ind2=" ">
      <subfield code="a">BIB_RECT</subfield>
      <subfield code="b">BIB_UARG</subfield>
      <subfield code="d">2011-03-11</subfield>
      <subfield code="y">BK</subfield>
      <subfield code="p">05-40584</subfield>
      <subfield code="i">05-40584</subfield>
      <subfield code="g">32</subfield>
      <subfield code="o">372.46 P437d</subfield>
      <subfield code="e">Donación</subfield>
      <subfield code="8">CG</subfield>
    </datafield>
  </record>