
  <record>
    <leader>01000aam  22002601a 4500</leader>
    <controlfield tag="001">YPZ93851</controlfield>
    <controlfield tag="003">YPZ</controlfield>
    <controlfield tag="005">201103161504480</controlfield>
    <controlfield tag="008">110316|###########||||||b||||||||||spa|d</controlfield>
    <datafield tag="020" ind1=" " ind2=" ">
      <subfield code="a">0387964754</subfield>
    </datafield>
    <datafield tag="040" ind1=" " ind2=" ">
      <subfield code="c">SIUNPA</subfield>
    </datafield>
    <datafield tag="041" ind1=" " ind2=" ">
      <subfield code="a">eng</subfield>
    </datafield>
    <datafield tag="044" ind1=" " ind2=" ">
      <subfield code="a">US</subfield>
    </datafield>
    <datafield tag="080" ind1=" " ind2=" ">
      <subfield code="a">532 G424t</subfield>
    </datafield>
    <datafield tag="100" ind1=" " ind2=" ">
      <subfield code="a">Ghil, Michael.</subfield>
    </datafield>
    <datafield tag="700" ind1=" " ind2=" ">
      <subfield code="a">Childress, Stephen.</subfield>
    </datafield>
    <datafield tag="245" ind1=" " ind2=" ">
      <subfield code="a">Topics in geophysical fluid dynamics</subfield>
      <subfield code="b"> : atmospherics dynamics, dynamo theory, and climate dynamics</subfield>
    </datafield>
    <datafield tag="260" ind1=" " ind2=" ">
      <subfield code="a">New York, N.Y.</subfield>
      <subfield code="b"> : Springer</subfield>
      <subfield code="c"> , 1987</subfield>
    </datafield>
    <datafield tag="440" ind1=" " ind2=" ">
      <subfield code="a">Applied mathematics sciences</subfield>
      <subfield code="v">v.60</subfield>
    </datafield>
    <datafield tag="490" ind1=" " ind2=" ">
      <subfield code="a">Applied mathematics sciences</subfield>
      <subfield code="v">v.60</subfield>
    </datafield>
    <datafield tag="500" ind1=" " ind2=" ">
      <subfield code="a">En portada: with 143 illustrations</subfield>
    </datafield>
    <datafield tag="650" ind1=" " ind2=" ">
      <subfield code="a"> DINAMICA DE LOS FLUIDOS</subfield>
    </datafield>
    <datafield tag="942" ind1=" " ind2=" ">
      <subfield code="c">BK</subfield>
    </datafield>
    <datafield tag="952" ind1=" " ind2=" ">
      <subfield code="a">BIB_RECT</subfield>
      <subfield code="b">BIB_UARG</subfield>
      <subfield code="d">2011-03-03</subfield>
      <subfield code="y">BK</subfield>
      <subfield code="p">05-40570</subfield>
      <subfield code="i">05-40570</subfield>
      <subfield code="g">145</subfield>
      <subfield code="o">532 G424t</subfield>
      <subfield code="e">PI 29/A160</subfield>
      <subfield code="8">CG</subfield>
    </datafield>
  </record>