
  <record>
    <leader>01000aam  22002601a 4500</leader>
    <controlfield tag="001">YPZ93853</controlfield>
    <controlfield tag="003">YPZ</controlfield>
    <controlfield tag="005">201103161519230</controlfield>
    <controlfield tag="008">110316|###########||||||b||||||||||spa|d</controlfield>
    <datafield tag="020" ind1=" " ind2=" ">
      <subfield code="a">9788483226605</subfield>
    </datafield>
    <datafield tag="040" ind1=" " ind2=" ">
      <subfield code="c">SIUNPA</subfield>
    </datafield>
    <datafield tag="041" ind1=" " ind2=" ">
      <subfield code="a">spa</subfield>
    </datafield>
    <datafield tag="044" ind1=" " ind2=" ">
      <subfield code="a">ES</subfield>
    </datafield>
    <datafield tag="080" ind1=" " ind2=" ">
      <subfield code="a">517.977 O341i5</subfield>
    </datafield>
    <datafield tag="100" ind1=" " ind2=" ">
      <subfield code="a">Ogata, Katsuhiko.</subfield>
    </datafield>
    <datafield tag="245" ind1=" " ind2=" ">
      <subfield code="a">Ingeniería de control moderna</subfield>
      <subfield code="c"> / Dormido Canto, Sebastián, tr. ; Dormido Canto, Raquel, tr. ; Dormido Bencomo, Sebastián, rev. técnica ; Mariani, Amadeo, rev. técnica para Latinoamérica ; Picco, Juan Eduardo, rev. técnica para Latinoamérica ; Mantz, Ricardo Julián, rev. técnica para Latinoamérica ; Rossello, Jorge Raúl, rev. técnica para Latinoamérica</subfield>
    </datafield>
    <datafield tag="250" ind1=" " ind2=" ">
      <subfield code="a">5a ed.</subfield>
    </datafield>
    <datafield tag="260" ind1=" " ind2=" ">
      <subfield code="a">Madrid</subfield>
      <subfield code="b"> : Pearson Educación</subfield>
      <subfield code="c"> , 2010</subfield>
    </datafield>
    <datafield tag="650" ind1=" " ind2=" ">
      <subfield code="a"> CONTROL AUTOMATICO</subfield>
    </datafield>
    <datafield tag="650" ind1=" " ind2=" ">
      <subfield code="a"> TEORIA DE CONTROL</subfield>
    </datafield>
    <datafield tag="650" ind1=" " ind2=" ">
      <subfield code="a"> EJERCICIOS</subfield>
    </datafield>
    <datafield tag="650" ind1=" " ind2=" ">
      <subfield code="a"> SOLUCION DE PROBLEMAS</subfield>
    </datafield>
    <datafield tag="942" ind1=" " ind2=" ">
      <subfield code="c">BK</subfield>
    </datafield>
    <datafield tag="952" ind1=" " ind2=" ">
      <subfield code="a">BIB_RECT</subfield>
      <subfield code="b">BIB_UARG</subfield>
      <subfield code="d">2011-03-16</subfield>
      <subfield code="y">BK</subfield>
      <subfield code="p">05-40567</subfield>
      <subfield code="i">05-40567</subfield>
      <subfield code="g">300</subfield>
      <subfield code="o">517.977 O341i5</subfield>
      <subfield code="e">PI 29/A 160</subfield>
      <subfield code="8">CG</subfield>
    </datafield>
    <datafield tag="952" ind1=" " ind2=" ">
      <subfield code="a">BIB_RECT</subfield>
      <subfield code="b">BIB_UARG</subfield>
      <subfield code="d">2012-08-30</subfield>
      <subfield code="y">BK</subfield>
      <subfield code="p">05-43005</subfield>
      <subfield code="i">05-43005</subfield>
      <subfield code="g">249.9</subfield>
      <subfield code="o">517.977 O341i5</subfield>
      <subfield code="e">Compra SIUNPA 056/12</subfield>
      <subfield code="8">CG</subfield>
    </datafield>
    <datafield tag="952" ind1=" " ind2=" ">
      <subfield code="a">BIB_RECT</subfield>
      <subfield code="b">BIB_UARG</subfield>
      <subfield code="d">2012-08-30</subfield>
      <subfield code="y">BK</subfield>
      <subfield code="p">05-43006</subfield>
      <subfield code="i">05-43006</subfield>
      <subfield code="g">249.9</subfield>
      <subfield code="o">517.977 O341i5</subfield>
      <subfield code="e">Compra SIUNPA 056/12</subfield>
      <subfield code="8">CG</subfield>
    </datafield>
  </record>