
  <record>
    <leader>01000aam  22002601a 4500</leader>
    <controlfield tag="001">YPZ93854</controlfield>
    <controlfield tag="003">YPZ</controlfield>
    <controlfield tag="005">201103161710460</controlfield>
    <controlfield tag="008">110316|###########||||||b||||||||||spa|d</controlfield>
    <datafield tag="020" ind1=" " ind2=" ">
      <subfield code="a">9686021191</subfield>
    </datafield>
    <datafield tag="040" ind1=" " ind2=" ">
      <subfield code="c">SIUNPA</subfield>
    </datafield>
    <datafield tag="041" ind1=" " ind2=" ">
      <subfield code="a">spa</subfield>
    </datafield>
    <datafield tag="044" ind1=" " ind2=" ">
      <subfield code="a">MX</subfield>
    </datafield>
    <datafield tag="080" ind1=" " ind2=" ">
      <subfield code="a">630*114 P967p</subfield>
    </datafield>
    <datafield tag="245" ind1=" " ind2=" ">
      <subfield code="a">Protección, restauración y conservación de suelos forestales</subfield>
      <subfield code="b"> : manual de obras y prácticas</subfield>
      <subfield code="c"> / Cuevas Flores, Leticia, colab. ; García Carreón, Jacinto Samuel, colab. ; Guerrero Herrera, Jesús Alejandro, colab. ; González Olarte, Juan Carlos, colab. ; Hernández Méndez, Honorio, colab. ; Lira Quintero, María de Lourdes, colab. ; Nieves Frausto, Jorge Luis, colab. ; Tejeda Sartorius, David, colab. ; Vázquez Martínez, Carlos Manuel, colab. ; Cardosa Vázquez, Ramón, colab.</subfield>
    </datafield>
    <datafield tag="250" ind1=" " ind2=" ">
      <subfield code="a">1a ed.</subfield>
    </datafield>
    <datafield tag="260" ind1=" " ind2=" ">
      <subfield code="a">Jalisco</subfield>
      <subfield code="b"> : Comisión Nacional Forestal</subfield>
      <subfield code="c"> , 2004</subfield>
    </datafield>
    <datafield tag="500" ind1=" " ind2=" ">
      <subfield code="a">Datos tomados de la cubierta</subfield>
    </datafield>
    <datafield tag="650" ind1=" " ind2=" ">
      <subfield code="a"> SILVICULTURA</subfield>
    </datafield>
    <datafield tag="650" ind1=" " ind2=" ">
      <subfield code="a"> ECOLOGIA FORESTAL</subfield>
    </datafield>
    <datafield tag="650" ind1=" " ind2=" ">
      <subfield code="a"> SUELO</subfield>
    </datafield>
    <datafield tag="650" ind1=" " ind2=" ">
      <subfield code="a"> MEXICO</subfield>
    </datafield>
    <datafield tag="942" ind1=" " ind2=" ">
      <subfield code="c">BK</subfield>
    </datafield>
    <datafield tag="952" ind1=" " ind2=" ">
      <subfield code="a">BIB_RECT</subfield>
      <subfield code="b">BIB_UARG</subfield>
      <subfield code="d">2011-03-14</subfield>
      <subfield code="y">BK</subfield>
      <subfield code="p">05-40593</subfield>
      <subfield code="i">05-40593</subfield>
      <subfield code="g">45</subfield>
      <subfield code="o">630*114 P967p</subfield>
      <subfield code="e">Donación Prof. Monelos, Lucas/11</subfield>
      <subfield code="8">CG</subfield>
    </datafield>
  </record>