
  <record>
    <leader>01000aam  22002601a 4500</leader>
    <controlfield tag="001">YPZ93857</controlfield>
    <controlfield tag="003">YPZ</controlfield>
    <controlfield tag="005">201103161810510</controlfield>
    <controlfield tag="008">110316|###########||||||b||||||||||spa|d</controlfield>
    <datafield tag="020" ind1=" " ind2=" ">
      <subfield code="a">8445805061 (o.c.)</subfield>
    </datafield>
    <datafield tag="020" ind1=" " ind2=" ">
      <subfield code="a">844580507X (t.1)</subfield>
    </datafield>
    <datafield tag="020" ind1=" " ind2=" ">
      <subfield code="a">8445805088 (t.2)</subfield>
    </datafield>
    <datafield tag="020" ind1=" " ind2=" ">
      <subfield code="a">848445805096 (t.3)</subfield>
    </datafield>
    <datafield tag="040" ind1=" " ind2=" ">
      <subfield code="c">SIUNPA</subfield>
    </datafield>
    <datafield tag="041" ind1=" " ind2=" ">
      <subfield code="a">spa</subfield>
    </datafield>
    <datafield tag="044" ind1=" " ind2=" ">
      <subfield code="a">ES</subfield>
    </datafield>
    <datafield tag="080" ind1=" " ind2=" ">
      <subfield code="a">611 R869a9</subfield>
    </datafield>
    <datafield tag="100" ind1=" " ind2=" ">
      <subfield code="a">Rouvière, H..</subfield>
    </datafield>
    <datafield tag="700" ind1=" " ind2=" ">
      <subfield code="a">Delmas, André.</subfield>
    </datafield>
    <datafield tag="245" ind1=" " ind2=" ">
      <subfield code="a">Anatomía humana</subfield>
      <subfield code="b"> : descriptiva, topográfica y funcional</subfield>
      <subfield code="c"> / Acosta Vidrio, Enrique, dir. de la versión en español</subfield>
    </datafield>
    <datafield tag="250" ind1=" " ind2=" ">
      <subfield code="a">9a ed., rev. y aum.</subfield>
    </datafield>
    <datafield tag="260" ind1=" " ind2=" ">
      <subfield code="a">Barcelona</subfield>
      <subfield code="b"> : Masson</subfield>
      <subfield code="c"> , 1996</subfield>
    </datafield>
    <datafield tag="650" ind1=" " ind2=" ">
      <subfield code="a"> ANATOMIA</subfield>
    </datafield>
    <datafield tag="942" ind1=" " ind2=" ">
      <subfield code="c">BK</subfield>
    </datafield>
    <datafield tag="952" ind1=" " ind2=" ">
      <subfield code="a">BIB_RECT</subfield>
      <subfield code="b">BIB_UARG</subfield>
      <subfield code="d">2011-03-16</subfield>
      <subfield code="y">BK</subfield>
      <subfield code="p">05-40586</subfield>
      <subfield code="i">05-40586</subfield>
      <subfield code="g">260</subfield>
      <subfield code="o">611 R869a9</subfield>
      <subfield code="e">Donación Billoni, Sabrina/10</subfield>
      <subfield code="8">CG</subfield>
    </datafield>
    <datafield tag="952" ind1=" " ind2=" ">
      <subfield code="a">BIB_RECT</subfield>
      <subfield code="b">BIB_UARG</subfield>
      <subfield code="d">2011-03-16</subfield>
      <subfield code="y">BK</subfield>
      <subfield code="p">05-40587</subfield>
      <subfield code="i">05-40587</subfield>
      <subfield code="g">260</subfield>
      <subfield code="o">611 R869a9</subfield>
      <subfield code="e">Donación Billoni, Sabrina/10</subfield>
      <subfield code="8">CG</subfield>
    </datafield>
    <datafield tag="952" ind1=" " ind2=" ">
      <subfield code="a">BIB_RECT</subfield>
      <subfield code="b">BIB_UARG</subfield>
      <subfield code="d">2011-03-16</subfield>
      <subfield code="y">BK</subfield>
      <subfield code="p">05-40588</subfield>
      <subfield code="i">05-40588</subfield>
      <subfield code="g">260</subfield>
      <subfield code="o">611 R869a9</subfield>
      <subfield code="e">Donación Billoni, Sabrina/10</subfield>
      <subfield code="8">CG</subfield>
    </datafield>
  </record>