
  <record>
    <leader>01000aam  22002601a 4500</leader>
    <controlfield tag="001">YPZ93862</controlfield>
    <controlfield tag="003">YPZ</controlfield>
    <controlfield tag="005">201103171526300</controlfield>
    <controlfield tag="008">110317|###########||||||b||||||||||spa|d</controlfield>
    <datafield tag="020" ind1=" " ind2=" ">
      <subfield code="a">9789871625109 (v.2)</subfield>
    </datafield>
    <datafield tag="020" ind1=" " ind2=" ">
      <subfield code="a">9789871625130 (v.3)</subfield>
    </datafield>
    <datafield tag="040" ind1=" " ind2=" ">
      <subfield code="c">SIUNPA</subfield>
    </datafield>
    <datafield tag="041" ind1=" " ind2=" ">
      <subfield code="a">spa</subfield>
    </datafield>
    <datafield tag="044" ind1=" " ind2=" ">
      <subfield code="a">AR</subfield>
    </datafield>
    <datafield tag="080" ind1=" " ind2=" ">
      <subfield code="a">340.143 A691f</subfield>
    </datafield>
    <datafield tag="110" ind1=" " ind2=" ">
      <subfield code="a">Argentina. Corte Suprema de Justicia.</subfield>
    </datafield>
    <datafield tag="245" ind1=" " ind2=" ">
      <subfield code="a">Fallos de la Corte Suprema de Justicia de la Nación</subfield>
    </datafield>
    <datafield tag="260" ind1=" " ind2=" ">
      <subfield code="a">Buenos Aires</subfield>
      <subfield code="b"> : La Ley</subfield>
      <subfield code="c"> , 2010</subfield>
    </datafield>
    <datafield tag="300" ind1=" " ind2=" ">
      <subfield code="a">94 p. : </subfield>
      <subfield code="b">il. ; </subfield>
      <subfield code="a">91 p. : </subfield>
      <subfield code="b">il. ; </subfield>
      <subfield code="a">96 p. : </subfield>
      <subfield code="b">il. ; </subfield>
      <subfield code="a">2 v. : </subfield>
      <subfield code="b">il. ; </subfield>
      <subfield code="a">331 p. : </subfield>
      <subfield code="a">312 p. : </subfield>
      <subfield code="a">423 p. : </subfield>
      <subfield code="b">il. ; </subfield>
      <subfield code="a">421 p. : </subfield>
      <subfield code="b">il. ; </subfield>
      <subfield code="a">336 p. : </subfield>
      <subfield code="b">il. ; </subfield>
      <subfield code="a">xii, 194 p. : </subfield>
      <subfield code="b">il. ; </subfield>
      <subfield code="a">297 p. : </subfield>
      <subfield code="b">il. ; </subfield>
      <subfield code="a">306 p. : </subfield>
      <subfield code="a">231 p. : </subfield>
      <subfield code="b">il. ; </subfield>
      <subfield code="a">340 p. : </subfield>
      <subfield code="a">72 p. : </subfield>
      <subfield code="a">448 p. : </subfield>
      <subfield code="a">xii, 334 p. : </subfield>
      <subfield code="b">il. ; </subfield>
      <subfield code="a">475 p. : </subfield>
      <subfield code="a">498 p. : </subfield>
      <subfield code="a">286 p. : </subfield>
      <subfield code="b">il. ; </subfield>
      <subfield code="a">422 p. : </subfield>
      <subfield code="b">il. ; </subfield>
      <subfield code="a">391 p. : </subfield>
      <subfield code="a">298 p. : </subfield>
      <subfield code="b">il. ; </subfield>
      <subfield code="a">501 p. : </subfield>
      <subfield code="b">il. ; </subfield>
      <subfield code="a">253 p. : </subfield>
      <subfield code="b">il. ; </subfield>
      <subfield code="a">v. : </subfield>
      <subfield code="a">3 v. : </subfield>
      <subfield code="a">332 p. : </subfield>
      <subfield code="a">208 p. : </subfield>
      <subfield code="a">188 p. : </subfield>
      <subfield code="b">il. ; </subfield>
      <subfield code="a">246 p. : </subfield>
      <subfield code="b">il. ; </subfield>
      <subfield code="a">121 p. : </subfield>
      <subfield code="a">xi, 324 p : </subfield>
      <subfield code="b">il. ; </subfield>
      <subfield code="a">xi, 172 p. : </subfield>
      <subfield code="a">clx p. : </subfield>
      <subfield code="a">300 p. : </subfield>
      <subfield code="b">il. ; </subfield>
      <subfield code="a">93 p. : </subfield>
      <subfield code="b">il. ; </subfield>
      <subfield code="a">194 p. : </subfield>
      <subfield code="a">197 p. : </subfield>
      <subfield code="b">il. ; </subfield>
      <subfield code="a">97 p. : </subfield>
      <subfield code="b">il. ; </subfield>
      <subfield code="a">395 p. : </subfield>
      <subfield code="a">73 p. : </subfield>
      <subfield code="b">il. ; </subfield>
      <subfield code="a">61 p. : </subfield>
      <subfield code="a">fasc. : </subfield>
      <subfield code="a">75 p. : </subfield>
      <subfield code="b">il. ; </subfield>
      <subfield code="a">54 p. : </subfield>
      <subfield code="a">viii, 272 p. : </subfield>
      <subfield code="a">65 p. : </subfield>
      <subfield code="a">[74] h. en varias foliaciones : </subfield>
      <subfield code="a">118 p. : </subfield>
      <subfield code="b">il. ; </subfield>
      <subfield code="a">xiii, 396 p. : </subfield>
      <subfield code="a">xx, 805 p. : </subfield>
      <subfield code="b">il. ; </subfield>
      <subfield code="a">xv, 416 p. : </subfield>
      <subfield code="b">il. ; </subfield>
      <subfield code="a">xv, 350 p. : </subfield>
      <subfield code="b">il. ; </subfield>
      <subfield code="a">xv, 485 p. : </subfield>
      <subfield code="b">il. ; </subfield>
      <subfield code="a">xiii, 301 p. : </subfield>
      <subfield code="b">il. ; </subfield>
      <subfield code="a">x, 894 p. : </subfield>
      <subfield code="b">il. ; </subfield>
      <subfield code="a">210 p. : </subfield>
      <subfield code="b">il. ; </subfield>
      <subfield code="a">110 p. : </subfield>
      <subfield code="a">230 p. : </subfield>
      <subfield code="b">il. ; </subfield>
      <subfield code="a">3 v. : </subfield>
      <subfield code="b">il. ; </subfield>
      <subfield code="a">72 p. : </subfield>
      <subfield code="b">il. ; </subfield>
      <subfield code="a">v. : </subfield>
      <subfield code="e">1 CD-ROM en bolsillo</subfield>
    </datafield>
    <datafield tag="440" ind1=" " ind2=" ">
      <subfield code="a">Fallos de la Corte Suprema de Justicia de la Nación</subfield>
      <subfield code="v">t.333</subfield>
    </datafield>
    <datafield tag="490" ind1=" " ind2=" ">
      <subfield code="a">Fallos de la Corte Suprema de Justicia de la Nación</subfield>
      <subfield code="v">t.333</subfield>
    </datafield>
    <datafield tag="500" ind1=" " ind2=" ">
      <subfield code="a">La biblioteca posee v.2 y 3</subfield>
    </datafield>
    <datafield tag="500" ind1=" " ind2=" ">
      <subfield code="a">El año de impresión varía según el ejemplar</subfield>
    </datafield>
    <datafield tag="650" ind1=" " ind2=" ">
      <subfield code="a"> JURISPRUDENCIA</subfield>
    </datafield>
    <datafield tag="650" ind1=" " ind2=" ">
      <subfield code="a"> ARGENTINA</subfield>
    </datafield>
    <datafield tag="942" ind1=" " ind2=" ">
      <subfield code="c">BK</subfield>
    </datafield>
    <datafield tag="952" ind1=" " ind2=" ">
      <subfield code="a">BIB_RECT</subfield>
      <subfield code="b">BIB_UARG</subfield>
      <subfield code="d">2011-03-17</subfield>
      <subfield code="y">BK</subfield>
      <subfield code="p">05-40585</subfield>
      <subfield code="i">05-40585</subfield>
      <subfield code="g">300</subfield>
      <subfield code="o">340.143 A691f</subfield>
      <subfield code="e">Ministerio de Justicia y Derechos Hum/10</subfield>
      <subfield code="8">CG</subfield>
    </datafield>
    <datafield tag="952" ind1=" " ind2=" ">
      <subfield code="a">BIB_RECT</subfield>
      <subfield code="b">BIB_UARG</subfield>
      <subfield code="d">2011-05-02</subfield>
      <subfield code="y">BK</subfield>
      <subfield code="p">05-40795</subfield>
      <subfield code="i">05-40795</subfield>
      <subfield code="g">300</subfield>
      <subfield code="o">340.143 A691f</subfield>
      <subfield code="e">Pineiro, Martín/11</subfield>
      <subfield code="8">CG</subfield>
    </datafield>
  </record>