
  <record>
    <leader>01000aam  22002601a 4500</leader>
    <controlfield tag="001">YPZ93881</controlfield>
    <controlfield tag="003">YPZ</controlfield>
    <controlfield tag="005">201103301538480</controlfield>
    <controlfield tag="008">110330|###########||||||b||||||||||spa|d</controlfield>
    <datafield tag="020" ind1=" " ind2=" ">
      <subfield code="a">9788483224267</subfield>
    </datafield>
    <datafield tag="040" ind1=" " ind2=" ">
      <subfield code="c">SIUNPA</subfield>
    </datafield>
    <datafield tag="041" ind1=" " ind2=" ">
      <subfield code="a">spa</subfield>
    </datafield>
    <datafield tag="044" ind1=" " ind2=" ">
      <subfield code="a">ES</subfield>
    </datafield>
    <datafield tag="080" ind1=" " ind2=" ">
      <subfield code="a">004.42 L431m</subfield>
    </datafield>
    <datafield tag="100" ind1=" " ind2=" ">
      <subfield code="a">Laza Fidalgo, Rosalía.</subfield>
    </datafield>
    <datafield tag="700" ind1=" " ind2=" ">
      <subfield code="a">García Pérez-Schofield, J. Baltasar.</subfield>
    </datafield>
    <datafield tag="245" ind1=" " ind2=" ">
      <subfield code="a">Metodología y tecnología de la programación</subfield>
    </datafield>
    <datafield tag="260" ind1=" " ind2=" ">
      <subfield code="a">Madrid</subfield>
      <subfield code="b"> : Pearson Educación</subfield>
      <subfield code="c"> , 2008</subfield>
    </datafield>
    <datafield tag="300" ind1=" " ind2=" ">
      <subfield code="a">206 p. : </subfield>
      <subfield code="a">408 p. : </subfield>
      <subfield code="b">il. ; </subfield>
      <subfield code="a">90 p. : </subfield>
      <subfield code="b">il. ; </subfield>
      <subfield code="a">112 p. : </subfield>
      <subfield code="a">129 p. : </subfield>
      <subfield code="b">il. ; </subfield>
      <subfield code="a">111 p. : </subfield>
      <subfield code="a">236 p. : </subfield>
      <subfield code="b">il. ; </subfield>
      <subfield code="a">153 p. : </subfield>
      <subfield code="a">128 p. : </subfield>
      <subfield code="b">il. ; </subfield>
      <subfield code="a">1 portafolio (en varias paginaciones) : </subfield>
      <subfield code="b">il. ; </subfield>
      <subfield code="a">x, 258 p. : </subfield>
      <subfield code="b">il. ; </subfield>
      <subfield code="e">1 CD-ROM en bolsillo</subfield>
    </datafield>
    <datafield tag="650" ind1=" " ind2=" ">
      <subfield code="a"> PROGRAMACION DE COMPUTADORA</subfield>
    </datafield>
    <datafield tag="650" ind1=" " ind2=" ">
      <subfield code="a"> PROGRAMACION ORIENTADA A OBJETOS</subfield>
    </datafield>
    <datafield tag="650" ind1=" " ind2=" ">
      <subfield code="a"> ALGORITMOS</subfield>
    </datafield>
    <datafield tag="942" ind1=" " ind2=" ">
      <subfield code="c">BK</subfield>
    </datafield>
    <datafield tag="952" ind1=" " ind2=" ">
      <subfield code="a">BIB_RECT</subfield>
      <subfield code="b">BIB_UACO</subfield>
      <subfield code="d">2011-03-29</subfield>
      <subfield code="y">BK</subfield>
      <subfield code="p">02-40630</subfield>
      <subfield code="i">02-40630</subfield>
      <subfield code="g">230</subfield>
      <subfield code="o">004.42 L431m</subfield>
      <subfield code="e">Donación Dr. García Pérez-Schofield</subfield>
      <subfield code="8">CG</subfield>
    </datafield>
    <datafield tag="952" ind1=" " ind2=" ">
      <subfield code="a">BIB_RECT</subfield>
      <subfield code="b">BIB_UACO</subfield>
      <subfield code="d">2011-03-29</subfield>
      <subfield code="y">BK</subfield>
      <subfield code="p">02-40631</subfield>
      <subfield code="i">02-40631</subfield>
      <subfield code="g">230</subfield>
      <subfield code="o">004.42 L431m</subfield>
      <subfield code="e">Donación Dr. García Pérez-Schofield</subfield>
      <subfield code="8">CG</subfield>
    </datafield>
    <datafield tag="952" ind1=" " ind2=" ">
      <subfield code="a">BIB_RECT</subfield>
      <subfield code="b">BIB_UACO</subfield>
      <subfield code="d">2011-03-29</subfield>
      <subfield code="y">BK</subfield>
      <subfield code="p">02-40632</subfield>
      <subfield code="i">02-40632</subfield>
      <subfield code="g">230</subfield>
      <subfield code="o">004.42 L431m</subfield>
      <subfield code="e">Donación Dr. García Pérez-Schofield</subfield>
      <subfield code="8">CG</subfield>
    </datafield>
    <datafield tag="952" ind1=" " ind2=" ">
      <subfield code="a">BIB_RECT</subfield>
      <subfield code="b">BIB_UACO</subfield>
      <subfield code="d">2011-03-29</subfield>
      <subfield code="y">BK</subfield>
      <subfield code="p">02-40633</subfield>
      <subfield code="i">02-40633</subfield>
      <subfield code="g">230</subfield>
      <subfield code="o">004.42 L431m</subfield>
      <subfield code="e">Donación Dr. García Pérez-Schofield</subfield>
      <subfield code="8">CG</subfield>
    </datafield>
    <datafield tag="952" ind1=" " ind2=" ">
      <subfield code="a">BIB_RECT</subfield>
      <subfield code="b">BIB_UACO</subfield>
      <subfield code="d">2011-03-29</subfield>
      <subfield code="y">BK</subfield>
      <subfield code="p">02-40634</subfield>
      <subfield code="i">02-40634</subfield>
      <subfield code="g">230</subfield>
      <subfield code="o">004.42 L431m</subfield>
      <subfield code="e">Donación Dr. García Pérez-Schofield</subfield>
      <subfield code="8">CG</subfield>
    </datafield>
    <datafield tag="952" ind1=" " ind2=" ">
      <subfield code="a">BIB_RECT</subfield>
      <subfield code="b">BIB_UACO</subfield>
      <subfield code="d">2011-03-29</subfield>
      <subfield code="y">BK</subfield>
      <subfield code="p">02-40635</subfield>
      <subfield code="i">02-40635</subfield>
      <subfield code="g">230</subfield>
      <subfield code="o">004.42 L431m</subfield>
      <subfield code="e">Donación Dr. García Pérez-Schofield</subfield>
      <subfield code="8">CG</subfield>
    </datafield>
    <datafield tag="952" ind1=" " ind2=" ">
      <subfield code="a">BIB_RECT</subfield>
      <subfield code="b">BIB_UACO</subfield>
      <subfield code="d">2011-03-29</subfield>
      <subfield code="y">BK</subfield>
      <subfield code="p">02-40636</subfield>
      <subfield code="i">02-40636</subfield>
      <subfield code="g">230</subfield>
      <subfield code="o">004.42 L431m</subfield>
      <subfield code="e">Donación Dr. García Pérez-Schofield</subfield>
      <subfield code="8">CG</subfield>
    </datafield>
    <datafield tag="952" ind1=" " ind2=" ">
      <subfield code="a">BIB_RECT</subfield>
      <subfield code="b">BIB_UACO</subfield>
      <subfield code="d">2011-03-29</subfield>
      <subfield code="y">BK</subfield>
      <subfield code="p">02-40637</subfield>
      <subfield code="i">02-40637</subfield>
      <subfield code="g">230</subfield>
      <subfield code="o">004.42 L431m</subfield>
      <subfield code="e">Donación Dr. García Pérez-Schofield</subfield>
      <subfield code="8">CG</subfield>
    </datafield>
    <datafield tag="952" ind1=" " ind2=" ">
      <subfield code="a">BIB_RECT</subfield>
      <subfield code="b">BIB_UACO</subfield>
      <subfield code="d">2011-03-29</subfield>
      <subfield code="y">BK</subfield>
      <subfield code="p">02-40638</subfield>
      <subfield code="i">02-40638</subfield>
      <subfield code="g">230</subfield>
      <subfield code="o">004.42 L431m</subfield>
      <subfield code="e">Donación Dr. García Pérez-Schofield</subfield>
      <subfield code="8">CG</subfield>
    </datafield>
    <datafield tag="952" ind1=" " ind2=" ">
      <subfield code="a">BIB_RECT</subfield>
      <subfield code="b">BIB_UACO</subfield>
      <subfield code="d">2011-03-29</subfield>
      <subfield code="y">BK</subfield>
      <subfield code="p">02-40639</subfield>
      <subfield code="i">02-40639</subfield>
      <subfield code="g">230</subfield>
      <subfield code="o">004.42 L431m</subfield>
      <subfield code="e">Donación Dr. García Pérez-Schofield</subfield>
      <subfield code="8">CG</subfield>
    </datafield>
    <datafield tag="952" ind1=" " ind2=" ">
      <subfield code="a">BIB_RECT</subfield>
      <subfield code="b">BIB_UARG</subfield>
      <subfield code="d">2011-05-05</subfield>
      <subfield code="y">BK</subfield>
      <subfield code="p">05-40807</subfield>
      <subfield code="i">05-40807</subfield>
      <subfield code="g">230</subfield>
      <subfield code="o">004.42 L431m</subfield>
      <subfield code="e">Acuerdo Nº 062</subfield>
      <subfield code="8">CG</subfield>
    </datafield>
    <datafield tag="952" ind1=" " ind2=" ">
      <subfield code="a">BIB_RECT</subfield>
      <subfield code="b">BIB_UARG</subfield>
      <subfield code="d">2011-05-05</subfield>
      <subfield code="y">BK</subfield>
      <subfield code="p">05-40808</subfield>
      <subfield code="i">05-40808</subfield>
      <subfield code="g">230</subfield>
      <subfield code="o">004.42 L431m</subfield>
      <subfield code="e">Acuerdo Nº 062</subfield>
      <subfield code="8">CG</subfield>
    </datafield>
    <datafield tag="952" ind1=" " ind2=" ">
      <subfield code="a">BIB_RECT</subfield>
      <subfield code="b">BIB_UARG</subfield>
      <subfield code="d">2011-05-05</subfield>
      <subfield code="y">BK</subfield>
      <subfield code="p">05-40809</subfield>
      <subfield code="i">05-40809</subfield>
      <subfield code="g">230</subfield>
      <subfield code="o">004.42 L431m</subfield>
      <subfield code="e">Acuerdo Nº 062</subfield>
      <subfield code="8">CG</subfield>
    </datafield>
    <datafield tag="952" ind1=" " ind2=" ">
      <subfield code="a">BIB_RECT</subfield>
      <subfield code="b">BIB_UARG</subfield>
      <subfield code="d">2011-05-05</subfield>
      <subfield code="y">BK</subfield>
      <subfield code="p">05-40810</subfield>
      <subfield code="i">05-40810</subfield>
      <subfield code="g">230</subfield>
      <subfield code="o">004.42 L431m</subfield>
      <subfield code="e">Acuerdo Nº 062</subfield>
      <subfield code="8">CG</subfield>
    </datafield>
    <datafield tag="952" ind1=" " ind2=" ">
      <subfield code="a">BIB_RECT</subfield>
      <subfield code="b">BIB_UARG</subfield>
      <subfield code="d">2011-05-05</subfield>
      <subfield code="y">BK</subfield>
      <subfield code="p">05-40811</subfield>
      <subfield code="i">05-40811</subfield>
      <subfield code="g">230</subfield>
      <subfield code="o">004.42 L431m</subfield>
      <subfield code="e">Acuerdo Nº 062</subfield>
      <subfield code="8">CG</subfield>
    </datafield>
    <datafield tag="952" ind1=" " ind2=" ">
      <subfield code="a">BIB_RECT</subfield>
      <subfield code="b">BIB_UARG</subfield>
      <subfield code="d">2011-05-05</subfield>
      <subfield code="y">BK</subfield>
      <subfield code="p">05-40812</subfield>
      <subfield code="i">05-40812</subfield>
      <subfield code="g">230</subfield>
      <subfield code="o">004.42 L431m</subfield>
      <subfield code="e">Acuerdo Nº 062</subfield>
      <subfield code="8">CG</subfield>
    </datafield>
    <datafield tag="952" ind1=" " ind2=" ">
      <subfield code="a">BIB_RECT</subfield>
      <subfield code="b">BIB_UARG</subfield>
      <subfield code="d">2011-05-05</subfield>
      <subfield code="y">BK</subfield>
      <subfield code="p">05-40813</subfield>
      <subfield code="i">05-40813</subfield>
      <subfield code="g">230</subfield>
      <subfield code="o">004.42 L431m</subfield>
      <subfield code="e">Acuerdo Nº 062</subfield>
      <subfield code="8">CG</subfield>
    </datafield>
    <datafield tag="952" ind1=" " ind2=" ">
      <subfield code="a">BIB_RECT</subfield>
      <subfield code="b">BIB_UARG</subfield>
      <subfield code="d">2011-05-05</subfield>
      <subfield code="y">BK</subfield>
      <subfield code="p">05-40814</subfield>
      <subfield code="i">05-40814</subfield>
      <subfield code="g">230</subfield>
      <subfield code="o">004.42 L431m</subfield>
      <subfield code="e">Acuerdo Nº 062</subfield>
      <subfield code="8">CG</subfield>
    </datafield>
    <datafield tag="952" ind1=" " ind2=" ">
      <subfield code="a">BIB_RECT</subfield>
      <subfield code="b">BIB_UARG</subfield>
      <subfield code="d">2011-05-05</subfield>
      <subfield code="y">BK</subfield>
      <subfield code="p">05-40815</subfield>
      <subfield code="i">05-40815</subfield>
      <subfield code="g">230</subfield>
      <subfield code="o">004.42 L431m</subfield>
      <subfield code="e">Acuerdo Nº 062</subfield>
      <subfield code="8">CG</subfield>
    </datafield>
    <datafield tag="952" ind1=" " ind2=" ">
      <subfield code="a">BIB_RECT</subfield>
      <subfield code="b">BIB_UARG</subfield>
      <subfield code="d">2011-05-05</subfield>
      <subfield code="y">BK</subfield>
      <subfield code="p">05-40816</subfield>
      <subfield code="i">05-40816</subfield>
      <subfield code="g">230</subfield>
      <subfield code="o">004.42 L431m</subfield>
      <subfield code="e">Acuerdo Nº 062</subfield>
      <subfield code="8">CG</subfield>
    </datafield>
    <datafield tag="952" ind1=" " ind2=" ">
      <subfield code="a">BIB_RECT</subfield>
      <subfield code="b">BIB_UARG</subfield>
      <subfield code="d">2011-05-05</subfield>
      <subfield code="y">BK</subfield>
      <subfield code="p">05-40817</subfield>
      <subfield code="i">05-40817</subfield>
      <subfield code="g">230</subfield>
      <subfield code="o">004.42 L431m</subfield>
      <subfield code="e">Acuerdo Nº 062</subfield>
      <subfield code="8">CG</subfield>
    </datafield>
    <datafield tag="952" ind1=" " ind2=" ">
      <subfield code="a">BIB_RECT</subfield>
      <subfield code="b">BIB_UARG</subfield>
      <subfield code="d">2011-05-05</subfield>
      <subfield code="y">BK</subfield>
      <subfield code="p">05-40818</subfield>
      <subfield code="i">05-40818</subfield>
      <subfield code="g">230</subfield>
      <subfield code="o">004.42 L431m</subfield>
      <subfield code="e">Acuerdo Nº 062</subfield>
      <subfield code="8">CG</subfield>
    </datafield>
  </record>