
  <record>
    <leader>01000aam  22002601a 4500</leader>
    <controlfield tag="001">YPZ93913</controlfield>
    <controlfield tag="003">YPZ</controlfield>
    <controlfield tag="005">201104081445180</controlfield>
    <controlfield tag="008">110408|###########||||||b||||||||||spa|d</controlfield>
    <datafield tag="040" ind1=" " ind2=" ">
      <subfield code="c">SIUNPA</subfield>
    </datafield>
    <datafield tag="041" ind1=" " ind2=" ">
      <subfield code="a">spa</subfield>
    </datafield>
    <datafield tag="044" ind1=" " ind2=" ">
      <subfield code="a">AR</subfield>
    </datafield>
    <datafield tag="080" ind1=" " ind2=" ">
      <subfield code="a">616.71-007.234</subfield>
    </datafield>
    <datafield tag="245" ind1=" " ind2=" ">
      <subfield code="a">Osteoporosis</subfield>
      <subfield code="c"> / Marcus, Robert, ed.</subfield>
    </datafield>
    <datafield tag="260" ind1=" " ind2=" ">
      <subfield code="a">[Buenos Aires]</subfield>
      <subfield code="b"> : MERCK</subfield>
      <subfield code="b"> : RL Servicios Integrales</subfield>
      <subfield code="c"> , 2001</subfield>
    </datafield>
    <datafield tag="500" ind1=" " ind2=" ">
      <subfield code="a">Con 18 colababoradores</subfield>
    </datafield>
    <datafield tag="650" ind1=" " ind2=" ">
      <subfield code="a"> OSTEOPOROSIS</subfield>
    </datafield>
    <datafield tag="650" ind1=" " ind2=" ">
      <subfield code="a"> CALCIFICACION FISIOLOGICA</subfield>
    </datafield>
    <datafield tag="942" ind1=" " ind2=" ">
      <subfield code="c">BK</subfield>
    </datafield>
    <datafield tag="952" ind1=" " ind2=" ">
      <subfield code="a">BIB_RECT</subfield>
      <subfield code="b">BIB_UARG</subfield>
      <subfield code="d">2011-04-08</subfield>
      <subfield code="y">BK</subfield>
      <subfield code="p">05-40663</subfield>
      <subfield code="i">05-40663</subfield>
      <subfield code="g">250</subfield>
      <subfield code="o">616.71-007.234</subfield>
      <subfield code="e">Donación Dr. Cucchirelli, Dino R.</subfield>
      <subfield code="8">CG</subfield>
    </datafield>
    <datafield tag="952" ind1=" " ind2=" ">
      <subfield code="a">BIB_RECT</subfield>
      <subfield code="b">BIB_UARG</subfield>
      <subfield code="d">2011-04-08</subfield>
      <subfield code="y">BK</subfield>
      <subfield code="p">05-40664</subfield>
      <subfield code="i">05-40664</subfield>
      <subfield code="g">250</subfield>
      <subfield code="o">616.71-007.234</subfield>
      <subfield code="e">Donación Dr. Cucchirelli, Dino R.</subfield>
      <subfield code="8">CG</subfield>
    </datafield>
    <datafield tag="952" ind1=" " ind2=" ">
      <subfield code="a">BIB_RECT</subfield>
      <subfield code="b">BIB_UARG</subfield>
      <subfield code="d">2011-04-08</subfield>
      <subfield code="y">BK</subfield>
      <subfield code="p">05-40665</subfield>
      <subfield code="i">05-40665</subfield>
      <subfield code="g">250</subfield>
      <subfield code="o">616.71-007.234</subfield>
      <subfield code="e">Donación Dr. Cucchirelli, Dino R.</subfield>
      <subfield code="8">CG</subfield>
    </datafield>
    <datafield tag="952" ind1=" " ind2=" ">
      <subfield code="a">BIB_RECT</subfield>
      <subfield code="b">BIB_UARG</subfield>
      <subfield code="d">2011-04-08</subfield>
      <subfield code="y">BK</subfield>
      <subfield code="p">05-40666</subfield>
      <subfield code="i">05-40666</subfield>
      <subfield code="g">250</subfield>
      <subfield code="o">616.71-007.234</subfield>
      <subfield code="e">Donación Dr. Cucchirelli, Dino R.</subfield>
      <subfield code="8">CG</subfield>
    </datafield>
  </record>