
  <record>
    <leader>01000aam  22002601a 4500</leader>
    <controlfield tag="001">YPZ93918</controlfield>
    <controlfield tag="003">YPZ</controlfield>
    <controlfield tag="005">201104081651190</controlfield>
    <controlfield tag="008">110408|###########||||||b||||||||||spa|d</controlfield>
    <datafield tag="020" ind1=" " ind2=" ">
      <subfield code="a">9789876140485</subfield>
    </datafield>
    <datafield tag="040" ind1=" " ind2=" ">
      <subfield code="c">SIUNPA</subfield>
    </datafield>
    <datafield tag="041" ind1=" " ind2=" ">
      <subfield code="a">spa</subfield>
    </datafield>
    <datafield tag="044" ind1=" " ind2=" ">
      <subfield code="a">AR</subfield>
    </datafield>
    <datafield tag="080" ind1=" " ind2=" ">
      <subfield code="a">616.379-008.64 B889d</subfield>
    </datafield>
    <datafield tag="245" ind1=" " ind2=" ">
      <subfield code="a">La diabetes</subfield>
      <subfield code="b"> : sus riesgos, su diagnóstico y su tratamiento</subfield>
    </datafield>
    <datafield tag="250" ind1=" " ind2=" ">
      <subfield code="a">1a ed.</subfield>
    </datafield>
    <datafield tag="260" ind1=" " ind2=" ">
      <subfield code="a">Buenos Aires</subfield>
      <subfield code="b"> : Capital Intelectual</subfield>
      <subfield code="c"> , 2008</subfield>
    </datafield>
    <datafield tag="440" ind1=" " ind2=" ">
      <subfield code="a">Teatro</subfield>
      <subfield code="a">Documentos Página/12</subfield>
      <subfield code="a">Biblioteca de la Salud</subfield>
      <subfield code="a">Colección PSi</subfield>
      <subfield code="a">Biblioteca médica Aventis</subfield>
      <subfield code="a">Serie divulgación / Sociedad de Lisadoterapia Argentina Dr. Carlos L. Villar</subfield>
      <subfield code="a">Atlas de endocrinología</subfield>
      <subfield code="a">Fast facts</subfield>
      <subfield code="a">Manuales clínicos</subfield>
      <subfield code="a">Quiero saber más sobre...</subfield>
      <subfield code="v">1</subfield>
    </datafield>
    <datafield tag="490" ind1=" " ind2=" ">
      <subfield code="a">Teatro</subfield>
      <subfield code="a">Documentos Página/12</subfield>
      <subfield code="a">Biblioteca de la Salud</subfield>
      <subfield code="a">Colección PSi</subfield>
      <subfield code="a">Biblioteca médica Aventis</subfield>
      <subfield code="a">Serie divulgación / Sociedad de Lisadoterapia Argentina Dr. Carlos L. Villar</subfield>
      <subfield code="a">Atlas de endocrinología</subfield>
      <subfield code="a">Fast facts</subfield>
      <subfield code="a">Manuales clínicos</subfield>
      <subfield code="a">Quiero saber más sobre...</subfield>
      <subfield code="v">1</subfield>
    </datafield>
    <datafield tag="650" ind1=" " ind2=" ">
      <subfield code="a"> DIABETES</subfield>
    </datafield>
    <datafield tag="942" ind1=" " ind2=" ">
      <subfield code="c">BK</subfield>
    </datafield>
    <datafield tag="952" ind1=" " ind2=" ">
      <subfield code="a">BIB_RECT</subfield>
      <subfield code="b">BIB_UARG</subfield>
      <subfield code="d">2011-04-08</subfield>
      <subfield code="y">BK</subfield>
      <subfield code="p">05-40683</subfield>
      <subfield code="i">05-40683</subfield>
      <subfield code="g">30</subfield>
      <subfield code="o">616.379-008.64 B889d</subfield>
      <subfield code="e">Donación Dr. Cucchirelli, Dino R.</subfield>
      <subfield code="8">CG</subfield>
    </datafield>
  </record>