
  <record>
    <leader>01000aam  22002601a 4500</leader>
    <controlfield tag="001">YPZ93921</controlfield>
    <controlfield tag="003">YPZ</controlfield>
    <controlfield tag="005">201104131603350</controlfield>
    <controlfield tag="008">110413|###########||||||b||||||||||spa|d</controlfield>
    <datafield tag="040" ind1=" " ind2=" ">
      <subfield code="c">SIUNPA</subfield>
    </datafield>
    <datafield tag="041" ind1=" " ind2=" ">
      <subfield code="a">spa</subfield>
    </datafield>
    <datafield tag="044" ind1=" " ind2=" ">
      <subfield code="a">AR</subfield>
    </datafield>
    <datafield tag="080" ind1=" " ind2=" ">
      <subfield code="a">616-008.9 L966s</subfield>
    </datafield>
    <datafield tag="100" ind1=" " ind2=" ">
      <subfield code="a">Luquez, Hugo Armando.</subfield>
    </datafield>
    <datafield tag="700" ind1=" " ind2=" ">
      <subfield code="a">Luquez, Hugo, coautor.</subfield>
    </datafield>
    <datafield tag="700" ind1=" " ind2=" ">
      <subfield code="a">Luquez, Cecilia, coautor.</subfield>
    </datafield>
    <datafield tag="245" ind1=" " ind2=" ">
      <subfield code="a">Síndrome metabólico</subfield>
      <subfield code="b"> : una actualización</subfield>
    </datafield>
    <datafield tag="260" ind1=" " ind2=" ">
      <subfield code="a">[Córdoba?]</subfield>
      <subfield code="b"> : [Elea?]</subfield>
      <subfield code="c"> , [2005?]</subfield>
    </datafield>
    <datafield tag="650" ind1=" " ind2=" ">
      <subfield code="a"> SINDROME METABOLICO</subfield>
    </datafield>
    <datafield tag="942" ind1=" " ind2=" ">
      <subfield code="c">BK</subfield>
    </datafield>
    <datafield tag="952" ind1=" " ind2=" ">
      <subfield code="a">BIB_RECT</subfield>
      <subfield code="b">BIB_UARG</subfield>
      <subfield code="d">2011-04-04</subfield>
      <subfield code="y">BK</subfield>
      <subfield code="p">05-40681</subfield>
      <subfield code="i">05-40681</subfield>
      <subfield code="g">38</subfield>
      <subfield code="o">616-008.9 L966s</subfield>
      <subfield code="e">Donación Dr. Cucchirelli, Dino R.</subfield>
      <subfield code="8">CG</subfield>
    </datafield>
  </record>