
  <record>
    <leader>01000aam  22002601a 4500</leader>
    <controlfield tag="001">YPZ93925</controlfield>
    <controlfield tag="003">YPZ</controlfield>
    <controlfield tag="005">201104151410340</controlfield>
    <controlfield tag="008">110415|###########||||||b||||||||||spa|d</controlfield>
    <datafield tag="020" ind1=" " ind2=" ">
      <subfield code="a">97895047868849</subfield>
    </datafield>
    <datafield tag="040" ind1=" " ind2=" ">
      <subfield code="c">SIUNPA</subfield>
    </datafield>
    <datafield tag="041" ind1=" " ind2=" ">
      <subfield code="a">spa</subfield>
    </datafield>
    <datafield tag="044" ind1=" " ind2=" ">
      <subfield code="a">AR</subfield>
    </datafield>
    <datafield tag="080" ind1=" " ind2=" ">
      <subfield code="a">81'42 P714h</subfield>
    </datafield>
    <datafield tag="100" ind1=" " ind2=" ">
      <subfield code="a">Plantin, Christian.</subfield>
    </datafield>
    <datafield tag="700" ind1=" " ind2=" ">
      <subfield code="a">Muñoz, Nora Isabel.</subfield>
    </datafield>
    <datafield tag="245" ind1=" " ind2=" ">
      <subfield code="a">El hacer argumentativo</subfield>
    </datafield>
    <datafield tag="250" ind1=" " ind2=" ">
      <subfield code="a">1a ed.</subfield>
    </datafield>
    <datafield tag="260" ind1=" " ind2=" ">
      <subfield code="a">Buenos Aires</subfield>
      <subfield code="b"> : Biblos</subfield>
      <subfield code="c"> , 2011</subfield>
    </datafield>
    <datafield tag="650" ind1=" " ind2=" ">
      <subfield code="a"> ARGUMENTACION</subfield>
    </datafield>
    <datafield tag="942" ind1=" " ind2=" ">
      <subfield code="c">BK</subfield>
    </datafield>
    <datafield tag="952" ind1=" " ind2=" ">
      <subfield code="a">BIB_RECT</subfield>
      <subfield code="b">BIB_UARG</subfield>
      <subfield code="d">2011-04-15</subfield>
      <subfield code="y">BK</subfield>
      <subfield code="p">05-40745</subfield>
      <subfield code="i">05-40745</subfield>
      <subfield code="g">45</subfield>
      <subfield code="o">81'42 P714h</subfield>
      <subfield code="e">Donación Prof. Muñoz, Nora/11</subfield>
      <subfield code="8">CG</subfield>
    </datafield>
    <datafield tag="952" ind1=" " ind2=" ">
      <subfield code="a">BIB_RECT</subfield>
      <subfield code="b">BIB_UARG</subfield>
      <subfield code="d">2012-02-23</subfield>
      <subfield code="y">BK</subfield>
      <subfield code="p">05-42050</subfield>
      <subfield code="i">05-42050</subfield>
      <subfield code="g">36.4</subfield>
      <subfield code="o">81'42 P714h</subfield>
      <subfield code="e">Compra SIUNPA</subfield>
      <subfield code="8">CG</subfield>
    </datafield>
    <datafield tag="952" ind1=" " ind2=" ">
      <subfield code="a">BIB_RECT</subfield>
      <subfield code="b">BIB_UARG</subfield>
      <subfield code="d">2012-02-23</subfield>
      <subfield code="y">BK</subfield>
      <subfield code="p">05-42051</subfield>
      <subfield code="i">05-42051</subfield>
      <subfield code="g">36.4</subfield>
      <subfield code="o">81'42 P714h</subfield>
      <subfield code="e">Compra SIUNPA</subfield>
      <subfield code="8">CG</subfield>
    </datafield>
    <datafield tag="952" ind1=" " ind2=" ">
      <subfield code="a">BIB_RECT</subfield>
      <subfield code="b">BIB_UARG</subfield>
      <subfield code="d">2012-02-23</subfield>
      <subfield code="y">BK</subfield>
      <subfield code="p">05-42052</subfield>
      <subfield code="i">05-42052</subfield>
      <subfield code="g">36.4</subfield>
      <subfield code="o">81'42 P714h</subfield>
      <subfield code="e">Compra SIUNPA</subfield>
      <subfield code="8">CG</subfield>
    </datafield>
    <datafield tag="952" ind1=" " ind2=" ">
      <subfield code="a">BIB_RECT</subfield>
      <subfield code="b">BIB_UARG</subfield>
      <subfield code="d">2012-02-23</subfield>
      <subfield code="y">BK</subfield>
      <subfield code="p">05-42053</subfield>
      <subfield code="i">05-42053</subfield>
      <subfield code="g">36.4</subfield>
      <subfield code="o">81'42 P714h</subfield>
      <subfield code="e">Compra SIUNPA</subfield>
      <subfield code="8">CG</subfield>
    </datafield>
    <datafield tag="952" ind1=" " ind2=" ">
      <subfield code="a">BIB_RECT</subfield>
      <subfield code="b">BIB_UARG</subfield>
      <subfield code="d">2012-02-23</subfield>
      <subfield code="y">BK</subfield>
      <subfield code="p">05-42054</subfield>
      <subfield code="i">05-42054</subfield>
      <subfield code="g">36.4</subfield>
      <subfield code="o">81'42 P714h</subfield>
      <subfield code="e">Compra SIUNPA</subfield>
      <subfield code="8">CG</subfield>
    </datafield>
  </record>