
  <record>
    <leader>01000aam  22002601a 4500</leader>
    <controlfield tag="001">YPZ93934</controlfield>
    <controlfield tag="003">YPZ</controlfield>
    <controlfield tag="005">201104191431430</controlfield>
    <controlfield tag="008">110419|###########||||||b||||||||||spa|d</controlfield>
    <datafield tag="020" ind1=" " ind2=" ">
      <subfield code="a">9701021398</subfield>
    </datafield>
    <datafield tag="040" ind1=" " ind2=" ">
      <subfield code="c">SIUNPA</subfield>
    </datafield>
    <datafield tag="041" ind1=" " ind2=" ">
      <subfield code="a">spa</subfield>
    </datafield>
    <datafield tag="044" ind1=" " ind2=" ">
      <subfield code="a">MX</subfield>
    </datafield>
    <datafield tag="080" ind1=" " ind2=" ">
      <subfield code="a">616.8 A211p6</subfield>
    </datafield>
    <datafield tag="100" ind1=" " ind2=" ">
      <subfield code="a">Adams, Raymond D..</subfield>
    </datafield>
    <datafield tag="700" ind1=" " ind2=" ">
      <subfield code="a">Victor, Maurice.</subfield>
    </datafield>
    <datafield tag="700" ind1=" " ind2=" ">
      <subfield code="a">Ropper, Allan H..</subfield>
    </datafield>
    <datafield tag="245" ind1=" " ind2=" ">
      <subfield code="a">Principios de neurología</subfield>
      <subfield code="b"> : Sexta edición</subfield>
      <subfield code="c"> / Sapiña Renard, Santiago, tr.</subfield>
    </datafield>
    <datafield tag="250" ind1=" " ind2=" ">
      <subfield code="a">1a ed. en español</subfield>
    </datafield>
    <datafield tag="260" ind1=" " ind2=" ">
      <subfield code="a">México, D.F.</subfield>
      <subfield code="b"> : McGraw-Hill Interamericana</subfield>
      <subfield code="c"> , 1999</subfield>
    </datafield>
    <datafield tag="650" ind1=" " ind2=" ">
      <subfield code="a"> NEUROLOGIA</subfield>
    </datafield>
    <datafield tag="942" ind1=" " ind2=" ">
      <subfield code="c">BK</subfield>
    </datafield>
    <datafield tag="952" ind1=" " ind2=" ">
      <subfield code="a">BIB_RECT</subfield>
      <subfield code="b">BIB_UARG</subfield>
      <subfield code="d">2011-04-19</subfield>
      <subfield code="y">BK</subfield>
      <subfield code="p">05-40701</subfield>
      <subfield code="i">05-40701</subfield>
      <subfield code="g">30</subfield>
      <subfield code="o">616.8 A211p6</subfield>
      <subfield code="e">Donación Dr. Cucchirelli, Dino R.</subfield>
      <subfield code="8">CG</subfield>
    </datafield>
    <datafield tag="952" ind1=" " ind2=" ">
      <subfield code="a">BIB_RECT</subfield>
      <subfield code="b">BIB_UARG</subfield>
      <subfield code="d">2011-04-19</subfield>
      <subfield code="y">BK</subfield>
      <subfield code="p">05-40702</subfield>
      <subfield code="i">05-40702</subfield>
      <subfield code="g">30</subfield>
      <subfield code="o">616.8 A211p6</subfield>
      <subfield code="e">Donación Dr. Cucchirelli, Dino R.</subfield>
      <subfield code="8">CG</subfield>
    </datafield>
    <datafield tag="952" ind1=" " ind2=" ">
      <subfield code="a">BIB_RECT</subfield>
      <subfield code="b">BIB_UARG</subfield>
      <subfield code="d">2011-04-19</subfield>
      <subfield code="y">BK</subfield>
      <subfield code="p">05-40703</subfield>
      <subfield code="i">05-40703</subfield>
      <subfield code="g">30</subfield>
      <subfield code="o">616.8 A211p6</subfield>
      <subfield code="e">Donación Dr. Cucchirelli, Dino R.</subfield>
      <subfield code="8">CG</subfield>
    </datafield>
    <datafield tag="952" ind1=" " ind2=" ">
      <subfield code="a">BIB_RECT</subfield>
      <subfield code="b">BIB_UASJ</subfield>
      <subfield code="d">2011-04-19</subfield>
      <subfield code="y">BK</subfield>
      <subfield code="p">05-40704</subfield>
      <subfield code="i">05-40704</subfield>
      <subfield code="g">30</subfield>
      <subfield code="o">616.8 A211p6</subfield>
      <subfield code="e">Donación Dr. Cucchirelli, Dino R.</subfield>
      <subfield code="8">CG</subfield>
    </datafield>
    <datafield tag="952" ind1=" " ind2=" ">
      <subfield code="a">BIB_RECT</subfield>
      <subfield code="b">BIB_UARG</subfield>
      <subfield code="d">2011-04-19</subfield>
      <subfield code="y">BK</subfield>
      <subfield code="p">05-40705</subfield>
      <subfield code="i">05-40705</subfield>
      <subfield code="g">30</subfield>
      <subfield code="o">616.8 A211p6</subfield>
      <subfield code="e">Donación Dr. Cucchirelli, Dino R.</subfield>
      <subfield code="8">CG</subfield>
    </datafield>
    <datafield tag="952" ind1=" " ind2=" ">
      <subfield code="a">BIB_RECT</subfield>
      <subfield code="b">BIB_UARG</subfield>
      <subfield code="d">2011-04-19</subfield>
      <subfield code="y">BK</subfield>
      <subfield code="p">05-40706</subfield>
      <subfield code="i">05-40706</subfield>
      <subfield code="g">30</subfield>
      <subfield code="o">616.8 A211p6</subfield>
      <subfield code="e">Donación Dr. Cucchirelli, Dino R.</subfield>
      <subfield code="8">CG</subfield>
    </datafield>
    <datafield tag="952" ind1=" " ind2=" ">
      <subfield code="a">BIB_RECT</subfield>
      <subfield code="b">BIB_UARG</subfield>
      <subfield code="d">2011-04-19</subfield>
      <subfield code="y">BK</subfield>
      <subfield code="p">05-40707</subfield>
      <subfield code="i">05-40707</subfield>
      <subfield code="g">30</subfield>
      <subfield code="o">616.8 A211p6</subfield>
      <subfield code="e">Donación Dr. Cucchirelli, Dino R.</subfield>
      <subfield code="8">CG</subfield>
    </datafield>
    <datafield tag="952" ind1=" " ind2=" ">
      <subfield code="a">BIB_RECT</subfield>
      <subfield code="b">BIB_UARG</subfield>
      <subfield code="d">2011-04-19</subfield>
      <subfield code="y">BK</subfield>
      <subfield code="p">05-40708</subfield>
      <subfield code="i">05-40708</subfield>
      <subfield code="g">30</subfield>
      <subfield code="o">616.8 A211p6</subfield>
      <subfield code="e">Donación Dr. Cucchirelli, Dino R.</subfield>
      <subfield code="8">CG</subfield>
    </datafield>
    <datafield tag="952" ind1=" " ind2=" ">
      <subfield code="a">BIB_RECT</subfield>
      <subfield code="b">BIB_UARG</subfield>
      <subfield code="d">2011-04-19</subfield>
      <subfield code="y">BK</subfield>
      <subfield code="p">05-40709</subfield>
      <subfield code="i">05-40709</subfield>
      <subfield code="g">30</subfield>
      <subfield code="o">616.8 A211p6</subfield>
      <subfield code="e">Donación Dr. Cucchirelli, Dino R.</subfield>
      <subfield code="8">CG</subfield>
    </datafield>
    <datafield tag="952" ind1=" " ind2=" ">
      <subfield code="a">BIB_RECT</subfield>
      <subfield code="b">BIB_UARG</subfield>
      <subfield code="d">2011-04-19</subfield>
      <subfield code="y">BK</subfield>
      <subfield code="p">05-40710</subfield>
      <subfield code="i">05-40710</subfield>
      <subfield code="g">30</subfield>
      <subfield code="o">616.8 A211p6</subfield>
      <subfield code="e">Donación Dr. Cucchirelli, Dino R.</subfield>
      <subfield code="8">CG</subfield>
    </datafield>
  </record>