
  <record>
    <leader>01000aam  22002601a 4500</leader>
    <controlfield tag="001">YPZ93936</controlfield>
    <controlfield tag="003">YPZ</controlfield>
    <controlfield tag="005">201104191710510</controlfield>
    <controlfield tag="008">110419|###########||||||b||||||||||spa|d</controlfield>
    <datafield tag="040" ind1=" " ind2=" ">
      <subfield code="c">SIUNPA</subfield>
    </datafield>
    <datafield tag="080" ind1=" " ind2=" ">
      <subfield code="a">616 P957p14</subfield>
    </datafield>
    <datafield tag="100" ind1=" " ind2=" ">
      <subfield code="a">Fauci, Anthony S..</subfield>
    </datafield>
    <datafield tag="700" ind1=" " ind2=" ">
      <subfield code="a">Braunwald, Eugene.</subfield>
    </datafield>
    <datafield tag="700" ind1=" " ind2=" ">
      <subfield code="a">Isselbacher, Kurt J..</subfield>
    </datafield>
    <datafield tag="700" ind1=" " ind2=" ">
      <subfield code="a">Kasper, Dennis L..</subfield>
    </datafield>
    <datafield tag="700" ind1=" " ind2=" ">
      <subfield code="a">Hauser, Stephen L..</subfield>
    </datafield>
    <datafield tag="700" ind1=" " ind2=" ">
      <subfield code="a">Longo, Dan L..</subfield>
    </datafield>
    <datafield tag="245" ind1=" " ind2=" ">
      <subfield code="a">Principios de medicina interna</subfield>
      <subfield code="c"> / Navascués Benlloch, Ignacio, tr. ; Hernando Saudan, Ángel, rev. técnica ; Sol Jaquotot, María Jesús del, rev. técnica</subfield>
    </datafield>
    <datafield tag="250" ind1=" " ind2=" ">
      <subfield code="a">14a ed. en español</subfield>
    </datafield>
    <datafield tag="260" ind1=" " ind2=" ">
      <subfield code="a">Madrid</subfield>
      <subfield code="b"> : McGraw-Hill Interamericana</subfield>
      <subfield code="c"> , 1998</subfield>
    </datafield>
    <datafield tag="500" ind1=" " ind2=" ">
      <subfield code="a">Tit. de partida: Harrison's principios de Medicina interna</subfield>
    </datafield>
    <datafield tag="650" ind1=" " ind2=" ">
      <subfield code="a"> MEDICINA INTERNA</subfield>
    </datafield>
    <datafield tag="650" ind1=" " ind2=" ">
      <subfield code="a"> SINTOMAS</subfield>
    </datafield>
    <datafield tag="650" ind1=" " ind2=" ">
      <subfield code="a"> DIAGNOSTICO (MEDICINA)</subfield>
    </datafield>
    <datafield tag="942" ind1=" " ind2=" ">
      <subfield code="c">BK</subfield>
    </datafield>
    <datafield tag="952" ind1=" " ind2=" ">
      <subfield code="a">BIB_RECT</subfield>
      <subfield code="b">BIB_UARG</subfield>
      <subfield code="d">2011-04-11</subfield>
      <subfield code="y">BK</subfield>
      <subfield code="p">05-40717</subfield>
      <subfield code="i">05-40717</subfield>
      <subfield code="g">15</subfield>
      <subfield code="o">616 P957p14</subfield>
      <subfield code="e">Donación Dr. Cucchirelli, Dino R.</subfield>
      <subfield code="8">CG</subfield>
    </datafield>
    <datafield tag="952" ind1=" " ind2=" ">
      <subfield code="a">BIB_RECT</subfield>
      <subfield code="b">BIB_UARG</subfield>
      <subfield code="d">2011-04-11</subfield>
      <subfield code="y">BK</subfield>
      <subfield code="p">05-40718</subfield>
      <subfield code="i">05-40718</subfield>
      <subfield code="g">15</subfield>
      <subfield code="o">616 P957p14</subfield>
      <subfield code="e">Donación Dr. Cucchirelli, Dino R.</subfield>
      <subfield code="8">CG</subfield>
    </datafield>
    <datafield tag="952" ind1=" " ind2=" ">
      <subfield code="a">BIB_RECT</subfield>
      <subfield code="b">BIB_UARG</subfield>
      <subfield code="d">2011-04-11</subfield>
      <subfield code="y">BK</subfield>
      <subfield code="p">05-40719</subfield>
      <subfield code="i">05-40719</subfield>
      <subfield code="g">15</subfield>
      <subfield code="o">616 P957p14</subfield>
      <subfield code="e">Donación Dr. Cucchirelli, Dino R.</subfield>
      <subfield code="8">CG</subfield>
    </datafield>
    <datafield tag="952" ind1=" " ind2=" ">
      <subfield code="a">BIB_RECT</subfield>
      <subfield code="b">BIB_UARG</subfield>
      <subfield code="d">2011-04-11</subfield>
      <subfield code="y">BK</subfield>
      <subfield code="p">05-40720</subfield>
      <subfield code="i">05-40720</subfield>
      <subfield code="g">15</subfield>
      <subfield code="o">616 P957p14</subfield>
      <subfield code="e">Donación Dr. Cucchirelli, Dino R.</subfield>
      <subfield code="8">CG</subfield>
    </datafield>
    <datafield tag="952" ind1=" " ind2=" ">
      <subfield code="a">BIB_RECT</subfield>
      <subfield code="b">BIB_UARG</subfield>
      <subfield code="d">2011-04-11</subfield>
      <subfield code="y">BK</subfield>
      <subfield code="p">05-40721</subfield>
      <subfield code="i">05-40721</subfield>
      <subfield code="g">15</subfield>
      <subfield code="o">616 P957p14</subfield>
      <subfield code="e">Donación Dr. Cucchirelli, Dino R.</subfield>
      <subfield code="8">CG</subfield>
    </datafield>
    <datafield tag="952" ind1=" " ind2=" ">
      <subfield code="a">BIB_RECT</subfield>
      <subfield code="b">BIB_UARG</subfield>
      <subfield code="d">2011-04-11</subfield>
      <subfield code="y">BK</subfield>
      <subfield code="p">05-40722</subfield>
      <subfield code="i">05-40722</subfield>
      <subfield code="g">15</subfield>
      <subfield code="o">616 P957p14</subfield>
      <subfield code="e">Donación Dr. Cucchirelli, Dino R.</subfield>
      <subfield code="8">CG</subfield>
    </datafield>
    <datafield tag="952" ind1=" " ind2=" ">
      <subfield code="a">BIB_RECT</subfield>
      <subfield code="b">BIB_UARG</subfield>
      <subfield code="d">2011-04-11</subfield>
      <subfield code="y">BK</subfield>
      <subfield code="p">05-40723</subfield>
      <subfield code="i">05-40723</subfield>
      <subfield code="g">15</subfield>
      <subfield code="o">616 P957p14</subfield>
      <subfield code="e">Donación Dr. Cucchirelli, Dino R.</subfield>
      <subfield code="8">CG</subfield>
    </datafield>
    <datafield tag="952" ind1=" " ind2=" ">
      <subfield code="a">BIB_RECT</subfield>
      <subfield code="b">BIB_UARG</subfield>
      <subfield code="d">2011-04-11</subfield>
      <subfield code="y">BK</subfield>
      <subfield code="p">05-40724</subfield>
      <subfield code="i">05-40724</subfield>
      <subfield code="g">15</subfield>
      <subfield code="o">616 P957p14</subfield>
      <subfield code="e">Donación Dr. Cucchirelli, Dino R.</subfield>
      <subfield code="8">CG</subfield>
    </datafield>
    <datafield tag="952" ind1=" " ind2=" ">
      <subfield code="a">BIB_RECT</subfield>
      <subfield code="b">BIB_UARG</subfield>
      <subfield code="d">2011-04-11</subfield>
      <subfield code="y">BK</subfield>
      <subfield code="p">05-40725</subfield>
      <subfield code="i">05-40725</subfield>
      <subfield code="g">15</subfield>
      <subfield code="o">616 P957p14</subfield>
      <subfield code="e">Donación Dr. Cucchirelli, Dino R.</subfield>
      <subfield code="8">CG</subfield>
    </datafield>
  </record>