
  <record>
    <leader>01000aam  22002601a 4500</leader>
    <controlfield tag="001">YPZ93938</controlfield>
    <controlfield tag="003">YPZ</controlfield>
    <controlfield tag="005">201104201539000</controlfield>
    <controlfield tag="008">110420|###########||||||b||||||||||spa|d</controlfield>
    <datafield tag="020" ind1=" " ind2=" ">
      <subfield code="a">9789701072868</subfield>
    </datafield>
    <datafield tag="020" ind1=" " ind2=" ">
      <subfield code="a">0073277134 (DVD)</subfield>
    </datafield>
    <datafield tag="040" ind1=" " ind2=" ">
      <subfield code="c">SIUNPA</subfield>
    </datafield>
    <datafield tag="041" ind1=" " ind2=" ">
      <subfield code="a">spa</subfield>
    </datafield>
    <datafield tag="044" ind1=" " ind2=" ">
      <subfield code="a">MX</subfield>
    </datafield>
    <datafield tag="080" ind1=" " ind2=" ">
      <subfield code="a">536.7 E573t6</subfield>
    </datafield>
    <datafield tag="100" ind1=" " ind2=" ">
      <subfield code="a">Çengel, Yunus A..</subfield>
    </datafield>
    <datafield tag="700" ind1=" " ind2=" ">
      <subfield code="a">Boles, Michael A..</subfield>
    </datafield>
    <datafield tag="245" ind1=" " ind2=" ">
      <subfield code="a">Termodinámica</subfield>
      <subfield code="b"> : sexta edición</subfield>
      <subfield code="c"> / Faddeva, Sknarina, rev. técnica</subfield>
    </datafield>
    <datafield tag="250" ind1=" " ind2=" ">
      <subfield code="a">6a ed. en español</subfield>
    </datafield>
    <datafield tag="260" ind1=" " ind2=" ">
      <subfield code="a">México, D.F.</subfield>
      <subfield code="b"> : McGraw-Hill Interamericana</subfield>
      <subfield code="c"> , 2009</subfield>
    </datafield>
    <datafield tag="300" ind1=" " ind2=" ">
      <subfield code="a">54 p. : </subfield>
      <subfield code="b">il. ; </subfield>
      <subfield code="a">vii, 99 p. : </subfield>
      <subfield code="b">il. ; </subfield>
      <subfield code="a">68 p. : </subfield>
      <subfield code="b">il. ; </subfield>
      <subfield code="a">xvi, 596 p. : </subfield>
      <subfield code="b">il. ; </subfield>
      <subfield code="a">xiv, 119 p. : </subfield>
      <subfield code="b">il. ; </subfield>
      <subfield code="a">p.171-334 : </subfield>
      <subfield code="b">il. ; </subfield>
      <subfield code="a">201 p. : </subfield>
      <subfield code="b">il. ; </subfield>
      <subfield code="a">199 p. : </subfield>
      <subfield code="a">1 portafolio (en varias paginaciones) : </subfield>
      <subfield code="b">il. ; </subfield>
      <subfield code="a">1 portafolio (en varias paginaciones) : </subfield>
      <subfield code="b">il. ; </subfield>
      <subfield code="a">1 portafolio (en varias paginaciones) : </subfield>
      <subfield code="b">il. ; </subfield>
      <subfield code="a">1 portafolio (en varias paginaciones) : </subfield>
      <subfield code="b">il. ; </subfield>
      <subfield code="a">1 portafolio (en varias paginaciones) : </subfield>
      <subfield code="b">il. ; </subfield>
      <subfield code="a">[55] h. : </subfield>
      <subfield code="b">il. ; </subfield>
      <subfield code="a">35 h. : </subfield>
      <subfield code="b">il. ; </subfield>
      <subfield code="a">2 portafolios (en varias paginaciones) : </subfield>
      <subfield code="b">il. ; </subfield>
      <subfield code="a">58 p. : </subfield>
      <subfield code="a">x, 156 p. : </subfield>
      <subfield code="b">il. ; </subfield>
      <subfield code="a">vii, 184 p. : </subfield>
      <subfield code="b">il. ; </subfield>
      <subfield code="a">124 p. : </subfield>
      <subfield code="b">cuadros ; </subfield>
      <subfield code="a">137 p. : </subfield>
      <subfield code="b">il. ; </subfield>
      <subfield code="a">236 p. : </subfield>
      <subfield code="b">il. ; </subfield>
      <subfield code="a">255 p. : </subfield>
      <subfield code="b">il. ; </subfield>
      <subfield code="a">ix, 198 p. : </subfield>
      <subfield code="b">il. ; </subfield>
      <subfield code="a">175 p. : </subfield>
      <subfield code="a">206 p. : </subfield>
      <subfield code="a">102 p. : </subfield>
      <subfield code="b">il. ; </subfield>
      <subfield code="a">1 portafolio (188 p. en 4 fasc.) : </subfield>
      <subfield code="b">il. ; </subfield>
      <subfield code="a">v. : </subfield>
      <subfield code="b">il. ; </subfield>
      <subfield code="a">60 p. : </subfield>
      <subfield code="b">il. ; </subfield>
      <subfield code="a">659 p. : </subfield>
      <subfield code="a">150 p. : </subfield>
      <subfield code="b">il. ; </subfield>
      <subfield code="a">vii, 83 p. : </subfield>
      <subfield code="a">120 p. : </subfield>
      <subfield code="b">il. ; </subfield>
      <subfield code="a">66 p. : </subfield>
      <subfield code="b">il. ; </subfield>
      <subfield code="a">p. 474-576 : </subfield>
      <subfield code="b">il. ; </subfield>
      <subfield code="a">143 p. : </subfield>
      <subfield code="a">x, 361 p. : </subfield>
      <subfield code="b">il. ; </subfield>
      <subfield code="a">xviii, 513 p. : </subfield>
      <subfield code="b">il. ; </subfield>
      <subfield code="a">xi, 176 p. : </subfield>
      <subfield code="b">il. ; </subfield>
      <subfield code="a">300 p. : </subfield>
      <subfield code="b">il. ; </subfield>
      <subfield code="a">xiii, 353 p. : </subfield>
      <subfield code="b">il. ; </subfield>
      <subfield code="a">xv, 251,[20] p. : </subfield>
      <subfield code="b">il. ; </subfield>
      <subfield code="a">3 v. : </subfield>
      <subfield code="b">il. ; </subfield>
      <subfield code="a">10 fasc. (1347 p.) : </subfield>
      <subfield code="b">il. ; </subfield>
      <subfield code="a">9 fasc. (414 p.) : </subfield>
      <subfield code="b">il. ; </subfield>
      <subfield code="a">xxi, 822 p. : </subfield>
      <subfield code="b">il. ; </subfield>
      <subfield code="a">xxxiii, 1008 p. : </subfield>
      <subfield code="b">il. ; </subfield>
      <subfield code="e">1 DVD en bolsillo</subfield>
    </datafield>
    <datafield tag="650" ind1=" " ind2=" ">
      <subfield code="a"> TERMODINAMICA</subfield>
    </datafield>
    <datafield tag="942" ind1=" " ind2=" ">
      <subfield code="c">BK</subfield>
    </datafield>
    <datafield tag="952" ind1=" " ind2=" ">
      <subfield code="a">BIB_RECT</subfield>
      <subfield code="b">BIB_UACO</subfield>
      <subfield code="d">2011-04-20</subfield>
      <subfield code="y">BK</subfield>
      <subfield code="p">02-40754</subfield>
      <subfield code="i">02-40754</subfield>
      <subfield code="g">160</subfield>
      <subfield code="o">536.7 E573t6</subfield>
      <subfield code="e">Compra UACO</subfield>
      <subfield code="8">CG</subfield>
    </datafield>
    <datafield tag="952" ind1=" " ind2=" ">
      <subfield code="a">BIB_RECT</subfield>
      <subfield code="b">BIB_UACO</subfield>
      <subfield code="d">2011-04-20</subfield>
      <subfield code="y">BK</subfield>
      <subfield code="p">02-40755</subfield>
      <subfield code="i">02-40755</subfield>
      <subfield code="g">160</subfield>
      <subfield code="o">536.7 E573t6</subfield>
      <subfield code="e">Compra UACO</subfield>
      <subfield code="8">CG</subfield>
    </datafield>
  </record>