
  <record>
    <leader>01000aam  22002601a 4500</leader>
    <controlfield tag="001">YPZ93942</controlfield>
    <controlfield tag="003">YPZ</controlfield>
    <controlfield tag="005">201104261203360</controlfield>
    <controlfield tag="008">110426|###########||||||b||||||||||spa|d</controlfield>
    <datafield tag="020" ind1=" " ind2=" ">
      <subfield code="a">9789879433829</subfield>
    </datafield>
    <datafield tag="040" ind1=" " ind2=" ">
      <subfield code="c">SIUNPA</subfield>
    </datafield>
    <datafield tag="041" ind1=" " ind2=" ">
      <subfield code="a">spa</subfield>
    </datafield>
    <datafield tag="044" ind1=" " ind2=" ">
      <subfield code="a">AR</subfield>
    </datafield>
    <datafield tag="080" ind1=" " ind2=" ">
      <subfield code="a">821.134.2(82) D763d</subfield>
    </datafield>
    <datafield tag="245" ind1=" " ind2=" ">
      <subfield code="a">Dramaturgos argentinos en el exterior</subfield>
      <subfield code="c"> / Seoane, Ana María I., comp.</subfield>
    </datafield>
    <datafield tag="250" ind1=" " ind2=" ">
      <subfield code="a">1a ed.</subfield>
    </datafield>
    <datafield tag="260" ind1=" " ind2=" ">
      <subfield code="a">Buenos Aires</subfield>
      <subfield code="b"> : Instituto Nacional del Teatro</subfield>
      <subfield code="c"> , 2010</subfield>
    </datafield>
    <datafield tag="650" ind1=" " ind2=" ">
      <subfield code="a"> TEATRO ARGENTINO</subfield>
    </datafield>
    <datafield tag="650" ind1=" " ind2=" ">
      <subfield code="a"> LITERATURA ARGENTINA</subfield>
    </datafield>
    <datafield tag="505" ind1="0" ind2="0">
      <subfield code="g">p. 17-51</subfield>
      <subfield code="g">- TEATRO ARGENTINO|LITERATURA ARGENTINA</subfield>
      <subfield code="r">Botto, Juan Diego</subfield>
      <subfield code="t">El privilegio de ser perro. Arquímedes. La carta</subfield>
    </datafield>
    <datafield tag="505" ind1="0" ind2="0">
      <subfield code="g">p. 47-57</subfield>
      <subfield code="g">- TEATRO ARGENTINO|LITERATURA ARGENTINA</subfield>
      <subfield code="r">Cossa, Roberto</subfield>
      <subfield code="t">Definitivamente , adios</subfield>
    </datafield>
    <datafield tag="505" ind1="0" ind2="0">
      <subfield code="g">p. 59-79</subfield>
      <subfield code="g">- TEATRO ARGENTINO|LITERATURA ARGENTINA</subfield>
      <subfield code="r">Brie, César</subfield>
      <subfield code="t">La jam session de Méndez</subfield>
    </datafield>
    <datafield tag="505" ind1="0" ind2="0">
      <subfield code="g">p. 89-115</subfield>
      <subfield code="g">- TEATRO ARGENTINO|LITERATURA ARGENTINA</subfield>
      <subfield code="r">Castrillo, Cristina</subfield>
      <subfield code="t">El vientre de la ballena</subfield>
    </datafield>
    <datafield tag="505" ind1="0" ind2="0">
      <subfield code="g">p. 121-169</subfield>
      <subfield code="g">- TEATRO ARGENTINO|LITERATURA ARGENTINA</subfield>
      <subfield code="r">Cook, Susana</subfield>
      <subfield code="t">Argentina de exportación. La Frankenstein</subfield>
    </datafield>
    <datafield tag="505" ind1="0" ind2="0">
      <subfield code="g">p. 175-201</subfield>
      <subfield code="g">- TEATRO ARGENTINO|LITERATURA ARGENTINA</subfield>
      <subfield code="r">García, Rodrigo</subfield>
      <subfield code="t">Borges. Prefiero que me quite el sueño Goya a que lo haga cualquier hijo de puta</subfield>
    </datafield>
    <datafield tag="505" ind1="0" ind2="0">
      <subfield code="g">p. 207-245</subfield>
      <subfield code="g">- TEATRO ARGENTINO|LITERATURA ARGENTINA</subfield>
      <subfield code="r">Krugli, Llo</subfield>
      <subfield code="t">Historia de pañuelos y vientos</subfield>
    </datafield>
    <datafield tag="505" ind1="0" ind2="0">
      <subfield code="g">p. 255-307</subfield>
      <subfield code="g">- TEATRO ARGENTINO|LITERATURA ARGENTINA</subfield>
      <subfield code="r">Thenón, Luis</subfield>
      <subfield code="t">Los conquistadores de la frontera norte</subfield>
    </datafield>
    <datafield tag="505" ind1="0" ind2="0">
      <subfield code="g">p. 315-355</subfield>
      <subfield code="g">- TEATRO ARGENTINO|LITERATURA ARGENTINA</subfield>
      <subfield code="r">Vargas, Arístides</subfield>
      <subfield code="t">Pluma y la tempestad</subfield>
    </datafield>
    <datafield tag="505" ind1="0" ind2="0">
      <subfield code="g">p. 363-403</subfield>
      <subfield code="g">- TEATRO ARGENTINO|LITERATURA ARGENTINA</subfield>
      <subfield code="r">Visnevetsky, Bárbara</subfield>
      <subfield code="t">Bálsamo para grietas</subfield>
    </datafield>
    <datafield tag="773" ind1="0" ind2="#">
      <subfield code="a">Botto, Juan Diego</subfield>
      <subfield code="g">- TEATRO ARGENTINO|LITERATURA ARGENTINA</subfield>
      <subfield code="h">p. 17-51</subfield>
      <subfield code="t">El privilegio de ser perro. Arquímedes. La carta</subfield>
    </datafield>
    <datafield tag="773" ind1="0" ind2="#">
      <subfield code="a">Cossa, Roberto</subfield>
      <subfield code="g">- TEATRO ARGENTINO|LITERATURA ARGENTINA</subfield>
      <subfield code="h">p. 47-57</subfield>
      <subfield code="t">Definitivamente , adios</subfield>
    </datafield>
    <datafield tag="773" ind1="0" ind2="#">
      <subfield code="a">Brie, César</subfield>
      <subfield code="g">- TEATRO ARGENTINO|LITERATURA ARGENTINA</subfield>
      <subfield code="h">p. 59-79</subfield>
      <subfield code="t">La jam session de Méndez</subfield>
    </datafield>
    <datafield tag="773" ind1="0" ind2="#">
      <subfield code="a">Castrillo, Cristina</subfield>
      <subfield code="g">- TEATRO ARGENTINO|LITERATURA ARGENTINA</subfield>
      <subfield code="h">p. 89-115</subfield>
      <subfield code="t">El vientre de la ballena</subfield>
    </datafield>
    <datafield tag="773" ind1="0" ind2="#">
      <subfield code="a">Cook, Susana</subfield>
      <subfield code="g">- TEATRO ARGENTINO|LITERATURA ARGENTINA</subfield>
      <subfield code="h">p. 121-169</subfield>
      <subfield code="t">Argentina de exportación. La Frankenstein</subfield>
    </datafield>
    <datafield tag="773" ind1="0" ind2="#">
      <subfield code="a">García, Rodrigo</subfield>
      <subfield code="g">- TEATRO ARGENTINO|LITERATURA ARGENTINA</subfield>
      <subfield code="h">p. 175-201</subfield>
      <subfield code="t">Borges. Prefiero que me quite el sueño Goya a que lo haga cualquier hijo de puta</subfield>
    </datafield>
    <datafield tag="773" ind1="0" ind2="#">
      <subfield code="a">Krugli, Llo</subfield>
      <subfield code="g">- TEATRO ARGENTINO|LITERATURA ARGENTINA</subfield>
      <subfield code="h">p. 207-245</subfield>
      <subfield code="t">Historia de pañuelos y vientos</subfield>
    </datafield>
    <datafield tag="773" ind1="0" ind2="#">
      <subfield code="a">Thenón, Luis</subfield>
      <subfield code="g">- TEATRO ARGENTINO|LITERATURA ARGENTINA</subfield>
      <subfield code="h">p. 255-307</subfield>
      <subfield code="t">Los conquistadores de la frontera norte</subfield>
    </datafield>
    <datafield tag="773" ind1="0" ind2="#">
      <subfield code="a">Vargas, Arístides</subfield>
      <subfield code="g">- TEATRO ARGENTINO|LITERATURA ARGENTINA</subfield>
      <subfield code="h">p. 315-355</subfield>
      <subfield code="t">Pluma y la tempestad</subfield>
    </datafield>
    <datafield tag="773" ind1="0" ind2="#">
      <subfield code="a">Visnevetsky, Bárbara</subfield>
      <subfield code="g">- TEATRO ARGENTINO|LITERATURA ARGENTINA</subfield>
      <subfield code="h">p. 363-403</subfield>
      <subfield code="t">Bálsamo para grietas</subfield>
    </datafield>
    <datafield tag="942" ind1=" " ind2=" ">
      <subfield code="c">BK</subfield>
    </datafield>
    <datafield tag="952" ind1=" " ind2=" ">
      <subfield code="a">BIB_RECT</subfield>
      <subfield code="b">BIB_UARG</subfield>
      <subfield code="d">2011-04-26</subfield>
      <subfield code="y">BK</subfield>
      <subfield code="p">05-40762</subfield>
      <subfield code="i">05-40762</subfield>
      <subfield code="g">82</subfield>
      <subfield code="o">821.134.2(82) D763d</subfield>
      <subfield code="e">Donación</subfield>
      <subfield code="8">CG</subfield>
    </datafield>
    <datafield tag="952" ind1=" " ind2=" ">
      <subfield code="a">BIB_RECT</subfield>
      <subfield code="b">BIB_UARG</subfield>
      <subfield code="d">2014-07-02</subfield>
      <subfield code="y">BK</subfield>
      <subfield code="p">05-46270</subfield>
      <subfield code="i">05-46270</subfield>
      <subfield code="g">80</subfield>
      <subfield code="o">821.134.2(82) D763d</subfield>
      <subfield code="e">Luque-Acuerdo 207/14</subfield>
      <subfield code="8">CG</subfield>
    </datafield>
  </record>