
  <record>
    <leader>01000aam  22002601a 4500</leader>
    <controlfield tag="001">YPZ93945</controlfield>
    <controlfield tag="003">YPZ</controlfield>
    <controlfield tag="005">201104261414470</controlfield>
    <controlfield tag="008">110426|###########||||||b||||||||||spa|d</controlfield>
    <datafield tag="020" ind1=" " ind2=" ">
      <subfield code="a">9789879433812</subfield>
    </datafield>
    <datafield tag="040" ind1=" " ind2=" ">
      <subfield code="c">SIUNPA</subfield>
    </datafield>
    <datafield tag="041" ind1=" " ind2=" ">
      <subfield code="a">spa</subfield>
    </datafield>
    <datafield tag="044" ind1=" " ind2=" ">
      <subfield code="a">AR</subfield>
    </datafield>
    <datafield tag="080" ind1=" " ind2=" ">
      <subfield code="a">821.134.2(7/8)</subfield>
    </datafield>
    <datafield tag="245" ind1=" " ind2=" ">
      <subfield code="a">Antología de teatro latinoamericano</subfield>
      <subfield code="b"> : (1950-2007)</subfield>
      <subfield code="c"> / Proaño Gómez, Lola, comp. ; Geirola, Gustavo, comp.</subfield>
    </datafield>
    <datafield tag="250" ind1=" " ind2=" ">
      <subfield code="a">1a ed.</subfield>
    </datafield>
    <datafield tag="260" ind1=" " ind2=" ">
      <subfield code="a">Buenos Aires</subfield>
      <subfield code="b"> : Instituto Nacional del Teatro</subfield>
      <subfield code="c"> , 2010</subfield>
    </datafield>
    <datafield tag="300" ind1=" " ind2=" ">
      <subfield code="a">xxix, [1142] p. en varias paginaciones : </subfield>
      <subfield code="a">174 p. : </subfield>
      <subfield code="b">il. ; </subfield>
      <subfield code="a">xii, 1491 p. : </subfield>
      <subfield code="b">il. ; </subfield>
      <subfield code="a">403 p. : </subfield>
      <subfield code="a">2 v. : </subfield>
      <subfield code="a">3 v. : </subfield>
      <subfield code="e">3 CD-ROM en bolsillo</subfield>
    </datafield>
    <datafield tag="500" ind1=" " ind2=" ">
      <subfield code="a">Los ejemplares: 05-43355, 05-43356 y 05-43357 no poseen CD-ROM</subfield>
    </datafield>
    <datafield tag="650" ind1=" " ind2=" ">
      <subfield code="a"> LITERATURA LATINOAMERICANA</subfield>
    </datafield>
    <datafield tag="650" ind1=" " ind2=" ">
      <subfield code="a"> TEATRO LATINOAMERICANO</subfield>
    </datafield>
    <datafield tag="650" ind1=" " ind2=" ">
      <subfield code="a"> ANTOLOGIA</subfield>
    </datafield>
    <datafield tag="942" ind1=" " ind2=" ">
      <subfield code="c">BK</subfield>
    </datafield>
    <datafield tag="952" ind1=" " ind2=" ">
      <subfield code="a">BIB_RECT</subfield>
      <subfield code="b">BIB_UARG</subfield>
      <subfield code="d">2011-04-26</subfield>
      <subfield code="y">BK</subfield>
      <subfield code="p">05-40763</subfield>
      <subfield code="i">05-40763</subfield>
      <subfield code="g">145</subfield>
      <subfield code="o">821.134.2(7/8)</subfield>
      <subfield code="e">Donación</subfield>
      <subfield code="8">CG</subfield>
    </datafield>
    <datafield tag="952" ind1=" " ind2=" ">
      <subfield code="a">BIB_RECT</subfield>
      <subfield code="b">BIB_UARG</subfield>
      <subfield code="d">2011-04-26</subfield>
      <subfield code="y">BK</subfield>
      <subfield code="p">05-40764</subfield>
      <subfield code="i">05-40764</subfield>
      <subfield code="g">145</subfield>
      <subfield code="o">821.134.2(7/8)</subfield>
      <subfield code="e">Donación</subfield>
      <subfield code="8">CG</subfield>
    </datafield>
    <datafield tag="952" ind1=" " ind2=" ">
      <subfield code="a">BIB_RECT</subfield>
      <subfield code="b">BIB_UARG</subfield>
      <subfield code="d">2011-04-26</subfield>
      <subfield code="y">BK</subfield>
      <subfield code="p">05-40765</subfield>
      <subfield code="i">05-40765</subfield>
      <subfield code="g">145</subfield>
      <subfield code="o">821.134.2(7/8)</subfield>
      <subfield code="e">Donación</subfield>
      <subfield code="8">CG</subfield>
    </datafield>
    <datafield tag="952" ind1=" " ind2=" ">
      <subfield code="a">BIB_RECT</subfield>
      <subfield code="b">BIB_UARG</subfield>
      <subfield code="d">2012-10-30</subfield>
      <subfield code="y">BK</subfield>
      <subfield code="p">05-43355</subfield>
      <subfield code="i">05-43355</subfield>
      <subfield code="g">150</subfield>
      <subfield code="o">821.134.2(7/8)</subfield>
      <subfield code="e">Donación Atienza, Alicia/11</subfield>
      <subfield code="8">CG</subfield>
    </datafield>
    <datafield tag="952" ind1=" " ind2=" ">
      <subfield code="a">BIB_RECT</subfield>
      <subfield code="b">BIB_UARG</subfield>
      <subfield code="d">2012-10-30</subfield>
      <subfield code="y">BK</subfield>
      <subfield code="p">05-43356</subfield>
      <subfield code="i">05-43356</subfield>
      <subfield code="g">150</subfield>
      <subfield code="o">821.134.2(7/8)</subfield>
      <subfield code="e">Donación Atienza, Alicia/11</subfield>
      <subfield code="8">CG</subfield>
    </datafield>
    <datafield tag="952" ind1=" " ind2=" ">
      <subfield code="a">BIB_RECT</subfield>
      <subfield code="b">BIB_UARG</subfield>
      <subfield code="d">2012-10-30</subfield>
      <subfield code="y">BK</subfield>
      <subfield code="p">05-43357</subfield>
      <subfield code="i">05-43357</subfield>
      <subfield code="g">150</subfield>
      <subfield code="o">821.134.2(7/8)</subfield>
      <subfield code="e">Donación Atienza, Alicia/11</subfield>
      <subfield code="8">CG</subfield>
    </datafield>
    <datafield tag="952" ind1=" " ind2=" ">
      <subfield code="a">BIB_RECT</subfield>
      <subfield code="b">BIB_UARG</subfield>
      <subfield code="d">2013-09-03</subfield>
      <subfield code="y">BK</subfield>
      <subfield code="p">05-45436</subfield>
      <subfield code="i">05-45436</subfield>
      <subfield code="g">310</subfield>
      <subfield code="o">821.134.2(7/8)</subfield>
      <subfield code="e">Donación DramaTiza</subfield>
      <subfield code="8">CG</subfield>
    </datafield>
    <datafield tag="952" ind1=" " ind2=" ">
      <subfield code="a">BIB_RECT</subfield>
      <subfield code="b">BIB_UARG</subfield>
      <subfield code="d">2013-09-03</subfield>
      <subfield code="y">BK</subfield>
      <subfield code="p">05-45459</subfield>
      <subfield code="i">05-45459</subfield>
      <subfield code="g">310</subfield>
      <subfield code="o">821.134.2(7/8)</subfield>
      <subfield code="e">Donación DramaTiza</subfield>
      <subfield code="8">CG</subfield>
    </datafield>
    <datafield tag="952" ind1=" " ind2=" ">
      <subfield code="a">BIB_RECT</subfield>
      <subfield code="b">SAT_TEAT</subfield>
      <subfield code="d">2013-04-26</subfield>
      <subfield code="y">BK</subfield>
      <subfield code="p">20-44618</subfield>
      <subfield code="i">20-44618</subfield>
      <subfield code="g">150</subfield>
      <subfield code="o">821.134.2(7/8)</subfield>
      <subfield code="e">TEATRUNPA</subfield>
      <subfield code="8">CG</subfield>
    </datafield>
    <datafield tag="952" ind1=" " ind2=" ">
      <subfield code="a">BIB_RECT</subfield>
      <subfield code="b">SAT_TEAT</subfield>
      <subfield code="d">2013-04-26</subfield>
      <subfield code="y">BK</subfield>
      <subfield code="p">20-44619</subfield>
      <subfield code="i">20-44619</subfield>
      <subfield code="g">150</subfield>
      <subfield code="o">821.134.2(7/8)</subfield>
      <subfield code="e">TEATRUNPA</subfield>
      <subfield code="8">CG</subfield>
    </datafield>
    <datafield tag="952" ind1=" " ind2=" ">
      <subfield code="a">BIB_RECT</subfield>
      <subfield code="b">SAT_TEAT</subfield>
      <subfield code="d">2013-04-26</subfield>
      <subfield code="y">BK</subfield>
      <subfield code="p">20-44620</subfield>
      <subfield code="i">20-44620</subfield>
      <subfield code="g">150</subfield>
      <subfield code="o">821.134.2(7/8)</subfield>
      <subfield code="e">TEATRUNPA</subfield>
      <subfield code="8">CG</subfield>
    </datafield>
  </record>