
  <record>
    <leader>01000aam  22002601a 4500</leader>
    <controlfield tag="001">YPZ93956</controlfield>
    <controlfield tag="003">YPZ</controlfield>
    <controlfield tag="005">201104291704020</controlfield>
    <controlfield tag="008">110429|###########||||||b||||||||||spa|d</controlfield>
    <datafield tag="020" ind1=" " ind2=" ">
      <subfield code="a">9789879433751</subfield>
    </datafield>
    <datafield tag="040" ind1=" " ind2=" ">
      <subfield code="c">SIUNPA</subfield>
    </datafield>
    <datafield tag="041" ind1=" " ind2=" ">
      <subfield code="a">spa</subfield>
    </datafield>
    <datafield tag="044" ind1=" " ind2=" ">
      <subfield code="a">AR</subfield>
    </datafield>
    <datafield tag="080" ind1=" " ind2=" ">
      <subfield code="a">821.134.2(82).09</subfield>
    </datafield>
    <datafield tag="100" ind1=" " ind2=" ">
      <subfield code="a">Koss, María Natacha.</subfield>
    </datafield>
    <datafield tag="700" ind1=" " ind2=" ">
      <subfield code="a">Fernández Chapo, Gabriel.</subfield>
    </datafield>
    <datafield tag="700" ind1=" " ind2=" ">
      <subfield code="a">Aisemberg, Alicia Beatriz.</subfield>
    </datafield>
    <datafield tag="245" ind1=" " ind2=" ">
      <subfield code="a">Concurso nacional de ensayos teatrales Alfredo de la Guardia</subfield>
    </datafield>
    <datafield tag="260" ind1=" " ind2=" ">
      <subfield code="a">Buenos Aires</subfield>
      <subfield code="b"> : Instituto Nacional del Teatro</subfield>
      <subfield code="c"> , 2009</subfield>
    </datafield>
    <datafield tag="500" ind1=" " ind2=" ">
      <subfield code="a">En cub.: VII Festival Internacional de Buenos Aires FIBA</subfield>
    </datafield>
    <datafield tag="650" ind1=" " ind2=" ">
      <subfield code="a"> TEATRO  TEATRO ARGENTINO</subfield>
    </datafield>
    <datafield tag="650" ind1=" " ind2=" ">
      <subfield code="a"> CRITICA LITERARIA</subfield>
    </datafield>
    <datafield tag="505" ind1="0" ind2="0">
      <subfield code="g">p. 7-113</subfield>
      <subfield code="g">- TEATRO</subfield>
      <subfield code="r">Koss, María Natacha</subfield>
      <subfield code="t">El teatro y las artes plásticas</subfield>
    </datafield>
    <datafield tag="505" ind1="0" ind2="0">
      <subfield code="g">p. 113-189</subfield>
      <subfield code="g">- TEATRO ARGENTINO|LITERATURA ARGENTINA</subfield>
      <subfield code="r">Fernández Chapo, Gabriel</subfield>
      <subfield code="t">Las prostitutas de Caravaggio</subfield>
    </datafield>
    <datafield tag="505" ind1="0" ind2="0">
      <subfield code="g">p. 191-338</subfield>
      <subfield code="g">- TEATRO ARGENTINO|LITERATURA ARGENTINA</subfield>
      <subfield code="r">Aisemberg, Alicia</subfield>
      <subfield code="t">El mundo popular en escena</subfield>
    </datafield>
    <datafield tag="773" ind1="0" ind2="#">
      <subfield code="a">Koss, María Natacha</subfield>
      <subfield code="g">- TEATRO</subfield>
      <subfield code="h">p. 7-113</subfield>
      <subfield code="t">El teatro y las artes plásticas</subfield>
    </datafield>
    <datafield tag="773" ind1="0" ind2="#">
      <subfield code="a">Fernández Chapo, Gabriel</subfield>
      <subfield code="g">- TEATRO ARGENTINO|LITERATURA ARGENTINA</subfield>
      <subfield code="h">p. 113-189</subfield>
      <subfield code="t">Las prostitutas de Caravaggio</subfield>
    </datafield>
    <datafield tag="773" ind1="0" ind2="#">
      <subfield code="a">Aisemberg, Alicia</subfield>
      <subfield code="g">- TEATRO ARGENTINO|LITERATURA ARGENTINA</subfield>
      <subfield code="h">p. 191-338</subfield>
      <subfield code="t">El mundo popular en escena</subfield>
    </datafield>
    <datafield tag="942" ind1=" " ind2=" ">
      <subfield code="c">BK</subfield>
    </datafield>
    <datafield tag="952" ind1=" " ind2=" ">
      <subfield code="a">BIB_RECT</subfield>
      <subfield code="b">BIB_UARG</subfield>
      <subfield code="d">2011-04-29</subfield>
      <subfield code="y">BK</subfield>
      <subfield code="p">05-40769</subfield>
      <subfield code="i">05-40769</subfield>
      <subfield code="g">67</subfield>
      <subfield code="o">821.134.2(82).09</subfield>
      <subfield code="e">Donación</subfield>
      <subfield code="8">CG</subfield>
    </datafield>
    <datafield tag="952" ind1=" " ind2=" ">
      <subfield code="a">BIB_RECT</subfield>
      <subfield code="b">BIB_UARG</subfield>
      <subfield code="d">2013-09-03</subfield>
      <subfield code="y">BK</subfield>
      <subfield code="p">05-45460</subfield>
      <subfield code="i">05-45460</subfield>
      <subfield code="g">140</subfield>
      <subfield code="o">821.134.2(82).09</subfield>
      <subfield code="e">DramaTiza</subfield>
      <subfield code="8">CG</subfield>
    </datafield>
    <datafield tag="952" ind1=" " ind2=" ">
      <subfield code="a">BIB_RECT</subfield>
      <subfield code="b">BIB_UARG</subfield>
      <subfield code="d">2013-09-03</subfield>
      <subfield code="y">BK</subfield>
      <subfield code="p">05-45461</subfield>
      <subfield code="i">05-45461</subfield>
      <subfield code="g">140</subfield>
      <subfield code="o">821.134.2(82).09</subfield>
      <subfield code="e">DramaTiza</subfield>
      <subfield code="8">CG</subfield>
    </datafield>
    <datafield tag="952" ind1=" " ind2=" ">
      <subfield code="a">BIB_RECT</subfield>
      <subfield code="b">SAT_TEAT</subfield>
      <subfield code="d">2013-04-26</subfield>
      <subfield code="y">BK</subfield>
      <subfield code="p">20-44626</subfield>
      <subfield code="i">20-44626</subfield>
      <subfield code="g">50</subfield>
      <subfield code="o">821.134.2(82).09</subfield>
      <subfield code="e">TEATRUNPA</subfield>
      <subfield code="8">CG</subfield>
    </datafield>
  </record>