
  <record>
    <leader>01000aam  22002601a 4500</leader>
    <controlfield tag="001">YPZ93963</controlfield>
    <controlfield tag="003">YPZ</controlfield>
    <controlfield tag="005">201105021745380</controlfield>
    <controlfield tag="008">110502|###########||||||b||||||||||spa|d</controlfield>
    <datafield tag="020" ind1=" " ind2=" ">
      <subfield code="a">9789213234396</subfield>
    </datafield>
    <datafield tag="040" ind1=" " ind2=" ">
      <subfield code="c">SIUNPA</subfield>
    </datafield>
    <datafield tag="041" ind1=" " ind2=" ">
      <subfield code="a">spa</subfield>
    </datafield>
    <datafield tag="044" ind1=" " ind2=" ">
      <subfield code="a">CL</subfield>
    </datafield>
    <datafield tag="080" ind1=" " ind2=" ">
      <subfield code="a">369.5 E614e</subfield>
    </datafield>
    <datafield tag="245" ind1=" " ind2=" ">
      <subfield code="a">Envejecimiento en América Latina</subfield>
      <subfield code="b"> : sistemas de pensiones y protección social integral</subfield>
      <subfield code="c"> / Prado, Antonio, ed. ; Sojo, Ana. ed.</subfield>
    </datafield>
    <datafield tag="260" ind1=" " ind2=" ">
      <subfield code="a">Santiago de Chile</subfield>
      <subfield code="b"> : Comisión Económica para América Latina y El Caribe, CEPAL</subfield>
      <subfield code="c"> , 2010</subfield>
    </datafield>
    <datafield tag="440" ind1=" " ind2=" ">
      <subfield code="a">Colección estudios teatrales</subfield>
      <subfield code="a">Colección estudios teatrales</subfield>
      <subfield code="a">Colección estudios teatrales</subfield>
      <subfield code="a">Colección historia teatral</subfield>
      <subfield code="a">Colección premios</subfield>
      <subfield code="a">Cuadernos de la Ciencia y la Tecnología</subfield>
      <subfield code="a">Colección trabajo, integración y sociedad</subfield>
      <subfield code="a">Serie manuales de enfermería</subfield>
      <subfield code="a">Libros de la CEPAL</subfield>
      <subfield code="v">110</subfield>
    </datafield>
    <datafield tag="490" ind1=" " ind2=" ">
      <subfield code="a">Colección estudios teatrales</subfield>
      <subfield code="a">Colección estudios teatrales</subfield>
      <subfield code="a">Colección estudios teatrales</subfield>
      <subfield code="a">Colección historia teatral</subfield>
      <subfield code="a">Colección premios</subfield>
      <subfield code="a">Cuadernos de la Ciencia y la Tecnología</subfield>
      <subfield code="a">Colección trabajo, integración y sociedad</subfield>
      <subfield code="a">Serie manuales de enfermería</subfield>
      <subfield code="a">Libros de la CEPAL</subfield>
      <subfield code="v">110</subfield>
    </datafield>
    <datafield tag="650" ind1=" " ind2=" ">
      <subfield code="a"> SISTEMA PREVISIONAL</subfield>
    </datafield>
    <datafield tag="650" ind1=" " ind2=" ">
      <subfield code="a"> PENSIONES</subfield>
    </datafield>
    <datafield tag="650" ind1=" " ind2=" ">
      <subfield code="a"> SITUACION SOCIAL</subfield>
    </datafield>
    <datafield tag="650" ind1=" " ind2=" ">
      <subfield code="a"> AMERICA LATINA</subfield>
    </datafield>
    <datafield tag="942" ind1=" " ind2=" ">
      <subfield code="c">BK</subfield>
    </datafield>
    <datafield tag="952" ind1=" " ind2=" ">
      <subfield code="a">BIB_RECT</subfield>
      <subfield code="b">BIB_UARG</subfield>
      <subfield code="d">2011-05-02</subfield>
      <subfield code="y">BK</subfield>
      <subfield code="p">05-40786</subfield>
      <subfield code="i">05-40786</subfield>
      <subfield code="g">45</subfield>
      <subfield code="o">369.5 E614e</subfield>
      <subfield code="e">Donación CEPAL/11</subfield>
      <subfield code="8">CG</subfield>
    </datafield>
  </record>