
  <record>
    <leader>01000aam  22002601a 4500</leader>
    <controlfield tag="001">YPZ93970</controlfield>
    <controlfield tag="003">YPZ</controlfield>
    <controlfield tag="005">201105041623140</controlfield>
    <controlfield tag="008">110504|###########||||||b||||||||||spa|d</controlfield>
    <datafield tag="020" ind1=" " ind2=" ">
      <subfield code="a">9789872317515</subfield>
    </datafield>
    <datafield tag="040" ind1=" " ind2=" ">
      <subfield code="c">SIUNPA</subfield>
    </datafield>
    <datafield tag="041" ind1=" " ind2=" ">
      <subfield code="a">eng</subfield>
    </datafield>
    <datafield tag="044" ind1=" " ind2=" ">
      <subfield code="a">AR</subfield>
    </datafield>
    <datafield tag="080" ind1=" " ind2=" ">
      <subfield code="a">633.2.033 I612r 9</subfield>
    </datafield>
    <datafield tag="110" ind1=" " ind2=" ">
      <subfield code="a">International Rangeland Congress (9 : 2011 : Rosario, Argentina).</subfield>
    </datafield>
    <datafield tag="245" ind1=" " ind2=" ">
      <subfield code="a">IX International rangeland congress</subfield>
      <subfield code="b"> : diverse rangelands for a sustaniable society</subfield>
      <subfield code="c"> / Feldman, Susana R. ed. ; Oliva, Gabriel, ed. ; Sacido, Mónica B. ed.</subfield>
    </datafield>
    <datafield tag="250" ind1=" " ind2=" ">
      <subfield code="a">1st ed.</subfield>
    </datafield>
    <datafield tag="260" ind1=" " ind2=" ">
      <subfield code="a">Buenos Aires</subfield>
      <subfield code="b"> : Instituto Nacional de Tecnología Agropecuaria, INTA</subfield>
      <subfield code="b"> : Asociación Argentina para el manejo de Pastizales Naturales, AAMPN</subfield>
      <subfield code="c"> , 2011</subfield>
    </datafield>
    <datafield tag="650" ind1=" " ind2=" ">
      <subfield code="a"> ECOLOGIA VEGETAL</subfield>
    </datafield>
    <datafield tag="650" ind1=" " ind2=" ">
      <subfield code="a"> PASTIZALES</subfield>
    </datafield>
    <datafield tag="942" ind1=" " ind2=" ">
      <subfield code="c">BK</subfield>
    </datafield>
    <datafield tag="952" ind1=" " ind2=" ">
      <subfield code="a">BIB_RECT</subfield>
      <subfield code="b">BIB_UARG</subfield>
      <subfield code="d">2011-05-04</subfield>
      <subfield code="y">BK</subfield>
      <subfield code="p">05-40796</subfield>
      <subfield code="i">05-40796</subfield>
      <subfield code="g">250</subfield>
      <subfield code="o">633.2.033 I612r 9</subfield>
      <subfield code="e">INTA/11</subfield>
      <subfield code="8">CG</subfield>
    </datafield>
  </record>