
  <record>
    <leader>01000aam  22002601a 4500</leader>
    <controlfield tag="001">YPZ93971</controlfield>
    <controlfield tag="003">YPZ</controlfield>
    <controlfield tag="005">201105041646460</controlfield>
    <controlfield tag="008">110504|###########||||||b||||||||||spa|d</controlfield>
    <datafield tag="040" ind1=" " ind2=" ">
      <subfield code="c">SIUNPA</subfield>
    </datafield>
    <datafield tag="041" ind1=" " ind2=" ">
      <subfield code="a">spa</subfield>
    </datafield>
    <datafield tag="044" ind1=" " ind2=" ">
      <subfield code="a">MX</subfield>
    </datafield>
    <datafield tag="080" ind1=" " ind2=" ">
      <subfield code="a">141.82 A697m</subfield>
    </datafield>
    <datafield tag="100" ind1=" " ind2=" ">
      <subfield code="a">Aricó, José.</subfield>
    </datafield>
    <datafield tag="245" ind1=" " ind2=" ">
      <subfield code="a">Mariátegui y los orígenes del marxismo latinoamericano</subfield>
    </datafield>
    <datafield tag="260" ind1=" " ind2=" ">
      <subfield code="a">[México]</subfield>
      <subfield code="b"> : La Vertiente</subfield>
      <subfield code="c"> , 2001</subfield>
    </datafield>
    <datafield tag="440" ind1=" " ind2=" ">
      <subfield code="a">Pequeña biblioteca Marxista Leninista</subfield>
      <subfield code="a">Colección campo social</subfield>
      <subfield code="a">Colección Filosofía</subfield>
      <subfield code="a">Colección Filosofía</subfield>
      <subfield code="a">Cuaderno de debate político-académico|Latinoamérica y los países dependientes</subfield>
      <subfield code="v">no. 4|no. 2</subfield>
    </datafield>
    <datafield tag="490" ind1=" " ind2=" ">
      <subfield code="a">Pequeña biblioteca Marxista Leninista</subfield>
      <subfield code="a">Colección campo social</subfield>
      <subfield code="a">Colección Filosofía</subfield>
      <subfield code="a">Colección Filosofía</subfield>
      <subfield code="a">Cuaderno de debate político-académico|Latinoamérica y los países dependientes</subfield>
      <subfield code="v">no. 4|no. 2</subfield>
    </datafield>
    <datafield tag="650" ind1=" " ind2=" ">
      <subfield code="a"> MARXISMO</subfield>
    </datafield>
    <datafield tag="650" ind1=" " ind2=" ">
      <subfield code="a"> SOCIOLOGIA POLITICA</subfield>
    </datafield>
    <datafield tag="650" ind1=" " ind2=" ">
      <subfield code="a"> MARIATEGUI, JOSE CARLOS (1894</subfield>
    </datafield>
    <datafield tag="650" ind1=" " ind2=" ">
      <subfield code="a">1930)</subfield>
    </datafield>
    <datafield tag="650" ind1=" " ind2=" ">
      <subfield code="a"> AMERICA LATINA</subfield>
    </datafield>
    <datafield tag="942" ind1=" " ind2=" ">
      <subfield code="c">BK</subfield>
    </datafield>
    <datafield tag="952" ind1=" " ind2=" ">
      <subfield code="a">BIB_RECT</subfield>
      <subfield code="b">BIB_UARG</subfield>
      <subfield code="d">2011-05-02</subfield>
      <subfield code="y">BK</subfield>
      <subfield code="p">05-40800</subfield>
      <subfield code="i">05-40800</subfield>
      <subfield code="g">12</subfield>
      <subfield code="o">141.82 A697m</subfield>
      <subfield code="e">Donación</subfield>
      <subfield code="8">CG</subfield>
    </datafield>
  </record>