
  <record>
    <leader>01000aam  22002601a 4500</leader>
    <controlfield tag="001">YPZ93980</controlfield>
    <controlfield tag="003">YPZ</controlfield>
    <controlfield tag="005">201105131506170</controlfield>
    <controlfield tag="008">110513|###########||||||b||||||||||spa|d</controlfield>
    <datafield tag="020" ind1=" " ind2=" ">
      <subfield code="a">9789876041430</subfield>
    </datafield>
    <datafield tag="040" ind1=" " ind2=" ">
      <subfield code="c">SIUNPA</subfield>
    </datafield>
    <datafield tag="041" ind1=" " ind2=" ">
      <subfield code="a">spa</subfield>
    </datafield>
    <datafield tag="044" ind1=" " ind2=" ">
      <subfield code="a">AR</subfield>
    </datafield>
    <datafield tag="080" ind1=" " ind2=" ">
      <subfield code="a">72.025 P969p</subfield>
    </datafield>
    <datafield tag="245" ind1=" " ind2=" ">
      <subfield code="a">Patagonia. Patrimonio arquitectónico</subfield>
      <subfield code="b"> : un estudio sobre su preservación</subfield>
      <subfield code="c"> / Lolich, Liliana, dir.</subfield>
    </datafield>
    <datafield tag="260" ind1=" " ind2=" ">
      <subfield code="a">Neuquén</subfield>
      <subfield code="b"> : Educo, Editorial de la Universidad Nacional del Comahue</subfield>
      <subfield code="c"> , 2010</subfield>
    </datafield>
    <datafield tag="300" ind1=" " ind2=" ">
      <subfield code="a">231 p. : </subfield>
      <subfield code="b">il. ; </subfield>
      <subfield code="a">265 p. : </subfield>
      <subfield code="b">il. ; </subfield>
      <subfield code="a">265 p. : </subfield>
      <subfield code="a">v. : </subfield>
      <subfield code="a">77 p. : </subfield>
      <subfield code="a">338 p. : </subfield>
      <subfield code="a">175 p. : </subfield>
      <subfield code="b">il. ; </subfield>
      <subfield code="a">307 p. : </subfield>
      <subfield code="b">il. ; </subfield>
      <subfield code="a">270 p. : </subfield>
      <subfield code="a">567 p. : </subfield>
      <subfield code="b">il. ; </subfield>
      <subfield code="a">xi, 311 p. : </subfield>
      <subfield code="b">il. ; </subfield>
      <subfield code="a">298 p. : </subfield>
      <subfield code="b">il. ; </subfield>
      <subfield code="a">106 p. : </subfield>
      <subfield code="a">173 p. : </subfield>
      <subfield code="b">cuadros, gráficos ; </subfield>
      <subfield code="a">506 p. : </subfield>
      <subfield code="a">257 p. : </subfield>
      <subfield code="a">204 p. : </subfield>
      <subfield code="b">il., fot. ; </subfield>
      <subfield code="a">373 p. : </subfield>
      <subfield code="a">xxxi,  [799] p. en varias paginaciones : </subfield>
      <subfield code="b">il ; </subfield>
      <subfield code="a">53 p. : </subfield>
      <subfield code="a">94 p. : </subfield>
      <subfield code="a">470 p. : </subfield>
      <subfield code="a">206 p. : </subfield>
      <subfield code="b">il. ; </subfield>
      <subfield code="a">148 p. : </subfield>
      <subfield code="b">il. ; </subfield>
      <subfield code="a">340 p. : </subfield>
      <subfield code="a">xxvi, 1573 p. : </subfield>
      <subfield code="b">il. ; </subfield>
      <subfield code="a">x, 162 p. : </subfield>
      <subfield code="b">il. ; </subfield>
      <subfield code="e">1 DVD en bolsillo</subfield>
    </datafield>
    <datafield tag="650" ind1=" " ind2=" ">
      <subfield code="a"> ARQUITECTURA</subfield>
    </datafield>
    <datafield tag="650" ind1=" " ind2=" ">
      <subfield code="a"> PATRIMONIO CULTURAL</subfield>
    </datafield>
    <datafield tag="650" ind1=" " ind2=" ">
      <subfield code="a"> DISEÑO ARQUITECTONICO</subfield>
    </datafield>
    <datafield tag="650" ind1=" " ind2=" ">
      <subfield code="a"> REGION PATAGONICA</subfield>
    </datafield>
    <datafield tag="942" ind1=" " ind2=" ">
      <subfield code="c">BK</subfield>
    </datafield>
    <datafield tag="952" ind1=" " ind2=" ">
      <subfield code="a">BIB_RECT</subfield>
      <subfield code="b">BIB_UACO</subfield>
      <subfield code="d">2011-05-13</subfield>
      <subfield code="y">BK</subfield>
      <subfield code="p">02-40826</subfield>
      <subfield code="i">02-40826</subfield>
      <subfield code="g">35</subfield>
      <subfield code="o">72.025 P969p</subfield>
      <subfield code="e">Donación Arq. Ibarroule, Ana María</subfield>
      <subfield code="8">CG</subfield>
    </datafield>
    <datafield tag="952" ind1=" " ind2=" ">
      <subfield code="a">BIB_RECT</subfield>
      <subfield code="b">BIB_UACO</subfield>
      <subfield code="d">2011-05-13</subfield>
      <subfield code="y">BK</subfield>
      <subfield code="p">02-40827</subfield>
      <subfield code="i">02-40827</subfield>
      <subfield code="g">35</subfield>
      <subfield code="o">72.025 P969p</subfield>
      <subfield code="e">Donación Arq. Ibarroule, Ana María</subfield>
      <subfield code="8">CG</subfield>
    </datafield>
    <datafield tag="952" ind1=" " ind2=" ">
      <subfield code="a">BIB_RECT</subfield>
      <subfield code="b">BIB_UARG</subfield>
      <subfield code="d">2011-06-01</subfield>
      <subfield code="y">BK</subfield>
      <subfield code="p">05-40925</subfield>
      <subfield code="i">05-40925</subfield>
      <subfield code="g">30</subfield>
      <subfield code="o">72.025 P969p</subfield>
      <subfield code="e">Levati, María Laura/11</subfield>
      <subfield code="8">CG</subfield>
    </datafield>
    <datafield tag="952" ind1=" " ind2=" ">
      <subfield code="a">BIB_RECT</subfield>
      <subfield code="b">BIB_UARG</subfield>
      <subfield code="d">2011-06-01</subfield>
      <subfield code="y">BK</subfield>
      <subfield code="p">05-40926</subfield>
      <subfield code="i">05-40926</subfield>
      <subfield code="g">30</subfield>
      <subfield code="o">72.025 P969p</subfield>
      <subfield code="e">Levati, María Laura/11</subfield>
      <subfield code="8">CG</subfield>
    </datafield>
  </record>